1730 2830
108 233 157 263 ea
184 233 253 273 ro,
290 221 395 275 quod
425 221 501 262 dno
532 220 656 261 verba
685 220 788 262 idem
817 220 1079 273 significantia
1108 223 1323 276 composita
1350 224 1464 275 sunt,
1494 227 1588 265 'nam

105 289 339 343 saepissime
367 289 563 330 Homerus
592 290 731 342 verba,
762 301 863 344 quae
893 290 1057 331 eundem
1087 301 1242 330 sensum
1273 291 1467 343 praebent
1496 303 1589 334 con-

12 357 17 361 ’
98 360 260 411 junxit,
310 360 412 399 sicut
449 353 902 414 &nlbtepmyyvvai'neg
947 357 1047 412 (od.
1078 358 1152 411 xl,
1189 359 1310 413 286.)
1349 362 1390 400 et
1429 358 1588 413 θνητὸς

103 424 257 481 βροτός
296 424 395 479 (οᾶ.
425 423 536 472 XVI,
565 424 712 480 212),
761 426 901 467 deinde
939 426 1159 480 accuratius
1197 428 1383 480 exprimit
1422 428 1586 469 verbnm

104 488 360 547 πορφύρεος,
409 493 523 546 quale
564 493 804 544 pigmentum
834 494 1047 535 adhibitum
1079 495 1152 546 sit,
1191 508 1274 536 cum
1306 496 1431 536 verbo
1461 493 1587 550 ῥῆγός

104 559 212 601 color
241 561 371 601 certus
401 572 475 600 non
502 559 704 601 indicetur.

243 617 410 668 Praeter
457 626 573 667 lanea
630 628 908 680 peristromata
952 629 1072 681 panni
1118 627 1228 668 lintei
1281 629 1393 670 soliis
1443 642 1586 683 super-

103 697 395 747 sternebantur,
427 696 489 748 qui
520 698 587 735 aut
616 696 808 736 adduntur
836 696 885 736 ad
915 692 1042 751 ῥήγεα
1068 697 1169 736 sicut
1199 696 1276 738 Od.
1307 697 1356 737 X.
1377 698 1462 739 352
1476 711 1583 752 seq.:

303 759 413 804 τάων
443 759 469 816 ἦ
499 762 573 815 μὲν
601 760 756 815 ἔβαλλε
783 761 953 818 θρόνοις
983 761 1039 805 ἴνι
1069 762 1195 820 ῥήγεα
1223 760 1352 816 καλά,

303 828 516 885 πορφύρεα
543 829 794 885 καθύπερθ’,
832 830 1031 885 ὑπένερθε
1059 832 1104 873 δὲ
1133 831 1215 874 λῖθ’
1246 829 1492 885 ὖπέβαλλεν·

101 901 170 940 aut
198 900 346 940 unicum
377 902 649 951 tegumentum
680 900 770 941 solii
800 901 971 942 efficiunt
1001 901 1074 943 Οὐ.
1104 900 1137 951 1,
1168 901 1249 943 ¹30
1266 914 1352 955 seq.

215 964 345 1019 αὗτὴν
376 964 414 1006 δ’
451 965 494 1015 ἔς
519 965 676 1021 θρόνον
704 964 807 1008 εἷσεν
839 965 969 1021 ἄγων.
1007 965 1088 1008 {no
1119 970 1211 1008 λῖτα
1241 966 1472 1018 πετάσσας,

214 1031 361 1081 καλόν,
407 1031 644 1075 δαιδάλεον·

242 1102 330 1144 Hoc
354 1103 441 1144 loco
471 1104 605 1146 facere
635 1117 711 1144 non
740 1117 923 1157 possum,
952 1106 1043 1158 quin
1071 1116 1365 1145 commemorem
1396 1116 1583 1157 errorem,

100 1173 138 1212 in
179 1185 254 1225 quo
296 1184 433 1212 omnes
462 1171 597 1212 horum
628 1184 809 1212 versuum
840 1173 1082 1224 interpretes
1111 1173 1261 1212 versati
1290 1174 1402 1223 sunt,
1453 1173 1583 1223 prius-

101 1231 211 1293 quam
242 1239 411 1280 wolfius
440 1240 565 1281 lucem
596 1240 727 1281 attulit
757 1240 902 1293 (Wolf
922 1240 1043 1280 niter.
1076 1239 1349 1291 Analect.1v‚
1380 1241 1584 1291 p.501-

98 1307 219 1362 509).
294 1307 451 1349 Priores
499 1308 598 1350 enim
648 1307 747 1348 baec
797 1308 921 1348 verba
973 1310 1201 1348 verterunt:
1260 1307 1501 1359 „collocavit
1546 1310 1583 1348 in

99 1374 277 1415 thronum
314 1376 494 1427 stragulo
535 1377 761 1427 substrato,
807 1376 995 1428 pulchro,
1044 1377 1253 1427 ingeniose
1283 1376 1433 1417 facto.“
1490 1374 1583 1415 Ad-

94 1444 249 1497 Jectiva
285 1440 432 1493 καλόν,
483 1441 699 1485 δαιδάλεον
739 1443 966 1486 referebant
1006 1444 1055 1485 ad
1096 1443 1260 1485 verbum
1301 1445 1415 1492 λῖτα,
1476 1444 1582 1498 quod

98 1513 317 1552 censebant
354 1513 621 1553 accusativum
661 1512 873 1563 singularis
914 1513 1025 1552 verbi
1056 1511 1118 1558 λίς
1145 1524 1238 1552 esse
1267 1515 1308 1552 et
1336 1525 1514 1563 magnam
1544 1514 1582 1553 in

98 1580 365 1621 difficultatem
402 1580 698 1621 adducebantur
736 1578 986 1632 explicandi,
1036 1591 1233 1633 quemnam
1273 1580 1309 1620 ln
1341 1593 1448 1620 usum
1480 1579 1582 1620 solio

96 1649 306 1690 Minervae
343 1649 568 1700 injiceretur
607 1648 787 1699 linteum,
837 1660 913 1700 quo
944 1647 1050 1687 nullo
1080 1648 1192 1687 modo
1223 1648 1455 1689 commodius
1485 1647 1582 1688 iliud

97 1717 229 1757 fiebat.
303 1716 472 1756 Wolfius
513 1728 613 1756 vero
655 1728 801 1755 summo
838 1716 1002 1765 ingenio
1033 1729 1125 1755 usus
1156 1715 1376 1766 diligenter
1405 1716 1582 1756 omnibus

96 1785 218 1836 locis,
274 1784 413 1837 quibus
451 1785 544 1823 λΐτα
575 1783 749 1835 legitur,
807 1783 1054 1836 compositis,
1115 1785 1265 1836 reperit
1303 1783 1378 1823 hoc
1418 1784 1581 1824 verbum

97 1865 190 1893 esse
220 1853 484 1892 accusativum
511 1852 674 1904 pluralis
704 1853 867 1903 generis
897 1854 1072 1892 neutrius
1104 1855 1144 1892 et
1174 1865 1355 1904 magnum
1378 1852 1580 1893 linteorum

96 1922 244 1976 copiam
291 1919 569 1967 Telemachum
609 1918 748 1960 throno
786 1920 1044 1972 imposuisse.
1094 1921 1127 1960 si
1158 1920 1329 1972 legitur:
1376 1917 1457 1961 ὑπὸ
1487 1922 1581 1961 λῖτα

95 1986 350 2039 πετόσσας,“
409 1990 529 2044 Quam
559 1990 609 2028 ob
640 2001 816 2029 caussam
847 1988 1047 2040 adjectiva
1076 1985 1225 2035 καλόν,
1259 1986 1475 2029 δαιδάλεον
1504 2003 1579 2030 non

95 2060 279 2111 spectant
316 2057 366 2098 ad
402 2059 518 2104 λῖτα,
569 2057 643 2097 sed
683 2057 730 2097 ad
769 2053 925 2111 θρόνον
965 2058 1007 2097 et
1046 2058 1089 2096 ut
1126 2067 1250 2108 saepe
1280 2056 1322 2096 fit
1353 2058 1390 2096 in
1419 2056 1580 2098 Homeri

94 2128 288 2178 poematis
329 2126 455 2166 verba
493 2126 586 2163 λῖτα
625 2121 835 2171 πετάσσας
872 2125 1001 2176 posita
1031 2127 1147 2175 sunt,
1191 2128 1232 2164 ut
1263 2124 1407 2165 Graeci
1437 2126 1579 2177 dicunt,

94 2193 136 2234 ἐν
161 2192 416 2247 παρενθήκη.
475 2191 586 2233 Satis
618 2192 734 2233 molle
763 2192 831 2232 tali
862 2191 976 2232 modo
1005 2193 1148 2234 factum
1180 2194 1243 2232 est
1272 2192 1398 2233 sedile
1427 2191 1580 2234 Miner-

96 2275 193 2313 vae,
245 2262 299 2302 ita
338 2262 381 2301 ut
419 2260 613 2312 stragulis
653 2274 753 2313 opus
793 2274 869 2301 non
913 2263 1046 2312 esset,
1096 2273 1197 2313 quae
1227 2260 1306 2300 iliis
1337 2261 1579 2313 temporibus

93 2343 163 2384 pro
190 2329 365 2384 pulvinis
395 2330 695 2381 usurpabantur.

234 2397 482 2439 Creberrime
511 2398 764 2438 inveniuntur
791 2398 829 2437 in
861 2396 1050 2448 Odyssea
1082 2409 1224 2437 versus
1256 2397 1329 2437 Od.
1351 2397 1382 2449 Ι,
1418 2399 1496 2438 145
1518 2398 1577 2440 al:

292 2462 418 2517 ἑξείης
447 2462 583 2514 ἕζοντο
613 2463 716 2505 κατὰ
746 2461 943 2517 κλισμούς
972 2480 1015 2506 τε
1044 2461 1228 2519 θρόνους
1258 2480 1327 2512 τε,

92 2535 132 2574 et
162 2533 238 2574 od.
269 2532 385 2573 xvn
416 2533 476 2574 al:

197 2599 370 2651 χλαίνας
392 2599 467 2652 μὲν
497 2597 718 2640 κατέθεντο
749 2598 855 2640 κατὰ
883 2598 1078 2649 κλισμούς
1107 2613 1148 2639 τε
1178 2595 1361 2652 θρόνους
1389 2616 1447 2642 τε.
1486 2620 1491 2624 ·

230 2668 404 2709 Eundem
445 2670 483 2709 in
514 2682 620 2708 usum
652 2668 733 2708 iilis
761 2668 861 2709 locis
889 2664 1046 2721 θρόνος
1074 2669 1192 2721 atque
1222 2665 1394 2719 κλισμός
1422 2669 1577 2709 institu-

91 2738 154 2775 tus
192 2738 278 2787 est,
325 2736 381 2776 ita
420 2739 461 2776 ut
497 2736 632 2776 horum
662 2736 839 2776 sedilium
868 2735 1085 2776 differentia
1108 2749 1185 2776 non
1214 2748 1357 2786 mag-na
1387 2748 1479 2776 esse
1509 2739 1578 2777 vi·-
