1730 2830
243 882 296 953 ln
345 913 560 954 tractandis
600 914 640 952 et
680 912 832 953 Graece
876 914 917 953 et
953 912 1093 954 Latine
1130 915 1297 966 scriptis
1338 914 1442 954 nullo
1478 901 1592 955 modo

109 995 246 1023 carere
284 996 492 1036 possumus
532 984 799 1036 antiquitatum
827 985 989 1037 notitia,
1040 986 1129 1039 quia
1159 998 1235 1026 non
1265 987 1377 1026 modo
1409 987 1592 1028 delecta-

107 1051 251 1092 tionem
289 1051 430 1092 nullam
469 1051 655 1102 afferunt,
706 1051 778 1091 sed
818 1064 866 1092 ne
898 1050 1069 1102 intelligi
1098 1051 1251 1103 quidem
1282 1054 1447 1102 possunt
1477 1063 1593 1104 prae-

108 1118 325 1160 clarissima
363 1120 430 1160 illa
472 1132 596 1171 opera
623 1119 695 1159 hac
724 1121 839 1171 parte
871 1119 1085 1159 studiorum
1117 1121 1157 1159 et
1187 1119 1402 1160 litterarum
1435 1121 1591 1160 omissa.

107 1186 193 1226 Jam
234 1199 316 1227 cum
356 1192 397 1228 et
433 1187 596 1227 consilio
638 1191 681 1227 et
719 1188 880 1227 fortuito
921 1187 1039 1227 multa
1069 1199 1122 1226 ex
1152 1187 1319 1240 antiquis
1349 1188 1593 1240 temporibus

108 1255 266 1305 prodita
296 1256 397 1306 sint,
430 1255 585 1307 quibus,
617 1255 682 1307 qui
712 1254 761 1294 ad
791 1255 830 1293 id
861 1255 1027 1295 studium
1058 1256 1221 1294 animum
1250 1256 1459 1295 attendere
1491 1256 1589 1305 vult,

108 1323 479 1376 instituituratque
512 1322 698 1373 docetur,
744 1321 888 1362 factum
921 1324 1008 1372 est,
1058 1323 1099 1362 ut
1129 1322 1397 1374 antiquitatum
1428 1323 1591 1364 scientia

106 1403 250 1442 mag-na
281 1403 334 1430 ex
358 1392 472 1443 parte
501 1390 619 1442 plana
649 1392 689 1430 et
718 1392 859 1440 aperta
887 1390 951 1429 sit.
1013 1389 1070 1429 At
1090 1390 1127 1428 in
1155 1389 1388 1430 adhibendis
1409 1391 1488 1430 illis
1506 1393 1590 1432 fon-

107 1457 211 1498 tibus
251 1458 392 1498 multas
432 1458 632 1498 cautiones
671 1456 819 1497 habere
861 1457 1073 1508 debemus,
1124 1469 1209 1497 nam
1239 1458 1383 1509 fugere
1412 1471 1484 1498 nos
1516 1471 1590 1499 uon

106 1528 241 1578 potest
278 1539 352 1566 non
392 1526 490 1566 satis
530 1527 742 1565 instructos
784 1525 848 1565 vel
889 1525 1079 1577 deceptos
1119 1525 1310 1565 interdum
1351 1527 1474 1566 fuisse
1504 1539 1589 1578 eoS‚

107 1594 172 1647 qui
200 1594 498 1647 antiquitatibus
526 1593 745 1634 scribendis
776 1605 935 1644 operam
965 1593 1219 1646 navaverint,
1251 1593 1393 1634 deinde
1422 1594 1462 1634 id
1493 1606 1590 1648 spe-

107 1662 283 1703 ctandum
324 1664 387 1703 est
424 1661 527 1702 haud
556 1674 647 1701 raro
677 1662 894 1713 scriptores
925 1674 947 1702 a
977 1673 1074 1702 vero
1107 1661 1318 1712 digressos
1350 1675 1466 1711 esse,
1515 1676 1591 1718 quo

105 1729 369 1782 probabiliora
397 1729 564 1769 reddant
593 1741 641 1768 ea
670 1741 769 1781 quae
799 1729 1040 1780 persuadere
1071 1729 1207 1769 velint.
1254 1728 1368 1784 Quod
1399 1743 1480 1770 cum
1503 1733 1586 1771 ani-

105 1799 412 1839 madvertissent
450 1798 526 1838 viri
547 1797 672 1837 'docti
704 1797 804 1837 salsa
832 1810 944 1850 quam
972 1798 1139 1838 maxime
1170 1797 1311 1839 tollere
1342 1799 1589 1850 studuerunt,

105 1879 264 1920 cumque
311 1865 387 1906 hoc
425 1877 525 1916 opus
567 1864 828 1904 difficillimum
874 1866 927 1904 sit
965 1865 1121 1917 abjecta
1160 1868 1250 1906 sunt
1289 1878 1485 1920 persaepe
1525 1879 1587 1918 ea,

104 1947 204 1988 quae
235 1933 465 1975 accuratiori
495 1933 746 1986 inquisitione
776 1933 953 1974 instituta
982 1932 1186 1984 probanda
1221 1934 1309 1974 visa
1341 1939 1430 1976 sunt
1452 1938 1494 1975 et
1513 1935 1590 1975 fide

104 2002 241 2052 digna.
309 2001 393 2040 Jam
440 2012 523 2040 cum
565 2000 758 2040 Homerus
799 2001 852 2039 sit
889 2001 1179 2052 antiquissimus
1220 2002 1388 2053 scriptor
1429 2015 1591 2056 cumque

101 2068 194 2110 Ilias
235 2071 276 2109 et
305 2068 492 2121 Odyssea
532 2067 682 2108 illorum
725 2072 936 2121 temporum
969 2068 1047 2108 sint
1078 2069 1191 2109 unica
1220 2072 1489 2122 monumenta,
1537 2073 1591 2111 ita

104 2141 146 2179 ut
192 2140 275 2186 tota
323 2137 598 2188 interpretatio
640 2138 675 2176 ln
717 2136 1005 2187 cognoscendis
1047 2137 1277 2177 carminibus
1320 2138 1420 2189 ipsis
1459 2139 1590 2191 posita

103 2207 177 2259 sit,
212 2205 419 2246 mirandum
449 2217 525 2245 non
557 2206 643 2256 est,
675 2205 778 2258 quod
811 2206 848 2245 in
879 2205 956 2245 illis
987 2205 1233 2258 explicandis
1265 2207 1340 2246 viri
1371 2206 1474 2247 docti
1500 2219 1587 2248 cre-

102 2272 271 2317 berrime
301 2274 401 2313 inter
430 2285 523 2312 sese
555 2272 804 2315 dissentiunt.
851 2272 962 2328 Quae
985 2273 1139 2326 quidem
1163 2273 1426 2325 difficultates,
1457 2287 1589 2327 quam·

103 2343 166 2383 vis
210 2343 432 2392 augeantur
472 2342 680 2392 praeterea
720 2353 768 2381 ea
806 2353 874 2392 re,
914 2341 1016 2395 quod
1056 2344 1191 2382 textus
1223 2342 1342 2382 variis
1371 2342 1468 2400 locis
1498 2355 1590 2383 cor-

101 2412 239 2462 ruptus
286 2412 349 2450 est
396 2408 690 2462 haudquaquam
740 2408 1041 2450 delectationem
1090 2409 1239 2449 illorum
1289 2409 1590 2451 clarissimorum

102 2481 325 2530 poematum
364 2476 505 2518 tollere
540 2479 730 2529 possunt,
775 2478 1009 2530 praesertim
1040 2491 1123 2519 cum
1154 2477 1204 2518 ob
1236 2481 1380 2529 poetae
1409 2482 1592 2520 accurate

102 2546 302 2587 scribendi
341 2547 528 2587 rationem
578 2545 758 2585 tractatio
806 2545 1100 2587 Homericorum
1148 2547 1351 2586 carminum
1396 2547 1591 2588 mirificum

100 2614 139 2654 in
177 2614 329 2654 modum
365 2614 609 2654 sublevetur.
668 2611 711 2653 In
752 2614 888 2665 primis
929 2613 1105 2666 epitheta
1145 2615 1279 2666 magni
1308 2617 1486 2655 momenti
1516 2615 1593 2656 ba·-

102 2680 232 2722 benda
270 2684 386 2736 sunt,
439 2694 538 2736 quae
575 2682 621 2723 ad
663 2681 877 2734 diligenter
913 2683 1166 2724 observantis
1206 2684 1366 2724 animum
1394 2665 1618 2736 imagines*

1291 2753 1313 2794 1
