1730 2830
121 179 274 226 tornum
304 179 584 233 fabricabatur,
613 182 722 223 totus
750 181 883 224 lectus
910 184 1076 223 vocatus
1105 183 1170 224 est
1197 180 1369 233 δινωτός
1389 185 1430 226 et
1448 182 1614 241 τρητᾴς,

123 246 227 288 slent
255 246 300 287 ll.
331 246 401 300 111,
430 247 530 291 39¹.
562 242 668 290 44⁶7.
1314 294 1321 300 „
1344 298 1346 300 ,
1454 290 1458 292 ,
1521 308 1524 310 v

261 314 430 368 Proprie
461 315 511 355 de
539 315 694 368 sponda
716 316 857 356 dicitur
885 316 1049 357 verbum
1079 314 1225 369 δέμνια
1247 315 1317 370 (ΙΙ.
1340 315 1484 370 xxiv,
1512 319 1612 361 648.

123 378 195 421 Od.
225 380 296 432 lV,
335 382 480 438 292),
526 383 633 437 quod
672 382 862 425 cohaeret
890 396 975 425 cum
1006 384 1135 425 verbo
1166 381 1300 435 δέμειν
1330 384 1398 437 [Ε.
1427 382 1483 425 Μ.
1514 385 1613 437 255,

120 446 188 492 44.
221 448 349 493 Rost:
381 450 484 492 Lex.
515 451 629 492 Hom.
658 449 820 506 Pind.J3
851 450 1043 491 interdum
1073 463 1174 492 vero
1204 450 1324 493 latius
1351 453 1465 506 patet
1493 451 1613 494 verbi

122 513 244 569 δέμια
272 518 527 571 significatio,
556 519 613 559 ita
643 521 686 559 ut
715 522 836 560 totum
867 519 1007 560 lectum
1038 519 1197 571 indicet,
1227 520 1329 560 sicut
1346 519 1422 562 Od.
1443 519 1515 573 Vl,
1542 520 1611 562 20.

118 583 258 626 Simile
293 587 386 640 quid
429 589 546 628 extat
583 588 621 627 in
660 588 883 629 narratione
924 587 974 627 de
1011 589 1148 639 stupro
1189 585 1357 628 Veneris
1397 590 1439 629 et
1468 586 1613 628 Martis

121 650 219 700 (od.
250 653 362 706 vul,
411 655 693 706 266—366.)
723 656 788 695 ubi
820 655 985 697 Vulcani
1015 655 1145 697 lectus
1176 657 1218 696 et
1247 653 1364 707 λέχος
1394 655 1460 709 [v.
1492 656 1611 705 269.)

120 722 163 761 et
200 717 369 780 λέκτρον
399 721 465 776 (v.
494 722 616 776 33⁷.)
647 724 688 763 et
719 720 862 775 δέμνια
890 725 953 772 (v.
984 723 1103 774 296.)
1135 722 1376 772 nominatur,
1415 722 1471 763 ihi
1510 734 1610 766 vero

118 788 274 829 maximi
317 790 500 831 momenti
542 790 698 843 sponda
741 793 849 842 erat,
895 802 980 830 nam
1022 790 1072 830 ad
1102 802 1186 831 eam
1218 789 1382 844 laqueos
1409 790 1610 837 Vulcanus

116 855 373 907 alligaverat.
450 858 540 900 Non
584 859 976 911 praetermittendum
1028 858 1187 899 videtur
1235 857 1425 911 pluralem
1462 860 1610 902 tantum

116 935 315 964 numerum
346 924 461 965 verbi
491 922 654 976 δέμνιον
684 925 721 965 in
752 924 911 965 Homeri
942 925 1175 966 carminibus
1204 926 1395 983 inveniri,
1434 926 1474 967 id
1504 926 1610 980 quod

116 992 155 1031 in
185 993 312 1033 verbo
341 990 457 1044 λέχος
486 993 855 1045 animadvertimus,
894 994 1052 1047 quoties
1080 993 1268 1034 feretrum
1299 994 1497 1046 exprimit.
1557 993 1611 1036 Ut

116 1059 154 1098 in
194 1059 452 1099 exstruendis
490 1060 682 1100 sedilibus
720 1060 907 1113 pulvinos
949 1061 1283 1112 desideravimus,
1333 1062 1388 1101 ita
1424 1062 1461 1101 in
1492 1061 1609 1102 lectis

115 1139 270 1181 quoque
300 1128 526 1169 sternendis
555 1127 733 1168 homines
764 1127 951 1169 heroicae
982 1129 1126 1170 aetatis
1155 1128 1324 1182 pellibus
1354 1130 1395 1170 ct
1414 1128 1608 1181 stragulis

115 1197 290 1236 contenti
321 1199 450 1239 erant.
492 1195 579 1252 Quo
611 1197 746 1236 ordine
775 1197 844 1236 illa
871 1196 1048 1237 adhibita
1077 1197 1170 1248 sint,
1203 1199 1245 1237 ut
1275 1196 1401 1236 cubile
1430 1196 1546 1236 molle
1566 1200 1608 1237 et

115 1264 353 1304 commodum
384 1263 452 1305 flat
478 1263 682 1315 colligitur
713 1278 735 1305 e
766 1265 947 1305 mandato
978 1264 1178 1314 Achillis,
1225 1265 1337 1317 cujus
1367 1265 1405 1304 in
1436 1265 1606 1306 tentorIo

113 1334 415 1385 pernoctaturus
453 1335 518 1374 est
546 1332 722 1374 Priamus
761 1332 807 1373 ΙΙ.
840 1331 993 1384 XXIV,
1042 1335 1126 1375 644
1164 1343 1277 1386 seqq.
1338 1331 1413 1388 Qui
1451 1333 1605 1386 quidem

113 1399 237 1450 locus,
267 1401 301 1441 si
331 1402 575 1453 componitur
604 1414 690 1442 cum
720 1401 871 1453 verbis,
901 1412 1001 1453 quae
1033 1400 1083 1439 de
1112 1399 1219 1441 lecto
1249 1400 1437 1441 struendo
1470 1400 1603 1441 dicun-

113 1470 176 1508 tur
205 1466 348 1520 11.1x‚
377 1469 462 1511 660
490 1482 587 1522 seq.‚
620 1469 721 1510 satis
753 1469 951 1520 docemur,
973 1480 1049 1522 quo
1080 1468 1195 1508 modo
1228 1470 1441 1509 stramenta
1470 1467 1604 1521 dispo-

113 1536 190 1575 sita
235 1536 327 1577 sint.
398 1535 503 1589 Ipsis
545 1537 693 1577 institis
732 1536 1031 1590 imponebantur
1070 1535 1202 1588 pelles
1241 1538 1283 1576 et
1323 1548 1371 1575 ea
1406 1536 1602 1587 stragula,

112 1615 214 1656 quae
244 1600 373 1658 ῥήγεα
402 1607 608 1657 vocantur,
639 1617 761 1657 supra
789 1617 836 1645 ea
867 1604 1147 1646 sternebantur
1180 1606 1248 1645 aut
1270 1606 1427 1656 tapetes
1447 1606 1512 1644 aut
1531 1603 1603 1644 lin-

111 1676 178 1715 tea
217 1676 355 1726 texta,
405 1673 574 1728 denique
604 1672 827 1714 addebatur
857 1672 1033 1726 pallium,
1083 1672 1184 1726 quod
1214 1674 1479 1725 tegumentum
1509 1671 1601 1713 dor-

111 1743 265 1783 mientis
308 1744 409 1783 erat.
467 1741 537 1782 Ad
575 1740 779 1792 stragulas
819 1744 959 1782 vestes
990 1743 1032 1782 et
1062 1740 1217 1793 pelles,
1266 1753 1426 1795 quarum
1458 1753 1602 1792 mag-na

110 1812 226 1863 copia
254 1812 291 1851 in
322 1810 429 1852 lecto
460 1810 673 1851 sternendo
703 1809 964 1851 adhibebatur
992 1809 1242 1850 referendum
1271 1809 1431 1850 videtur
1460 1810 1600 1861 adjec-

108 1880 233 1920 tIvum
271 1873 445 1929 πυκνός,
497 1878 603 1931 quod
642 1877 826 1930 adjicitur
867 1878 995 1918 verbo
1026 1875 1142 1928 λέχος
1171 1875 1241 1929 (11.
1271 1876 1352 1928 lX,
1390 1879 1488 1918 621.
1520 1875 1596 1916 Od.

108 1945 260 1997 xxm,
297 1945 429 1999 ¹⁷⁷·)·
487 1945 584 1985 Nam
615 1957 843 1998 quamquam
874 1941 1028 1992 πυκνός
1058 1945 1173 1985 etiarn
1204 1945 1252 1984 ad
1283 1944 1472 1996 spondam
1504 1957 1599 1996 spe-

109 2018 219 2057 ctare
259 2016 413 2066 potest,
462 2016 505 2053 ut
532 2014 694 2065 saepius
726 2025 851 2066 opera
880 2025 915 2052 e·
933 2012 1045 2062 ligno
1074 2011 1263 2052 fabricata
1291 2011 1375 2051 hoc·
1392 2011 1599 2063 epitheton

106 2083 258 2135 habent
289 2080 354 2131 (11.
384 2080 497 2132 XlV,
541 2083 633 2123 167.
661 2080 738 2122 Od.
771 2079 893 2132 Xlll,
924 2081 1026 2131 68),
1057 2084 1185 2120 tamen
1215 2079 1346 2131 aptius
1375 2078 1494 2131 illud,
1534 2079 1599 2120 ubi

57 2181 62 2184 -
108 2140 192 2192 cum
223 2150 350 2191 verbo
376 2147 494 2201 λέχος
523 2150 781 2201 compositum
811 2151 875 2188 cst
905 2149 955 2188 de
985 2150 1095 2188 strue
1117 2150 1416 2189 stramentorum
1446 2146 1598 2187 intelll-

106 2221 240 2272 gitur,
289 2220 345 2259 ita
387 2220 430 2258 ut
465 2215 583 2268 λέχος
622 2213 774 2258 πυκνόν
812 2216 914 2258 idem
941 2205 1004 2258 'sit
1033 2219 1153 2270 atque
1192 2212 1302 2268 εὐνὴ,
1325 2212 1597 2268 putamini.

105 2286 238 2339 ΧΧΙΙ,
267 2285 403 2339 504.).

247 2352 448 2393 Nonnulla
475 2351 656 2392 addenda
687 2352 872 2392 videntur
902 2352 951 2392 de
980 2351 1167 2392 cubiculis
1199 2350 1456 2402 dormitoriis,
1493 2362 1595 2403 quo-

104 2436 188 2464 rum
228 2422 403 2462 homines
443 2421 607 2460 ditiores
645 2419 722 2460 alia
762 2421 800 2460 in
839 2420 1005 2474 aed-ibus
1044 2420 1145 2471 ipsis
1184 2419 1262 2459 alia
1299 2420 1415 2459 extra
1444 2418 1594 2458 domum

103 2490 317 2532 habebant.
376 2488 428 2529 Et
464 2487 565 2528 haec
605 2487 759 2541 quidem
796 2499 941 2538 magna
981 2498 1032 2526 ex
1065 2489 1179 2539 parte
1208 2485 1516 2532 reservabantur
1544 2486 1603 2535 ad

102 2557 355 2610 recipiendos
393 2555 595 2608 hospites,
643 2555 710 2595 illa
751 2567 850 2595 vero
891 2556 929 2595 in
970 2568 1079 2595 usum
1122 2554 1386 2607 quotidianum
1416 2541 1594 2596 institut'a

103 2629 232 2678 erant,
261 2638 346 2666 nam
376 2625 430 2665 ibi
460 2624 634 2664 dominus
665 2624 831 2676 ejusque
861 2635 963 2662 uxor
991 2635 1063 2676 per
1092 2624 1245 2663 noctem
1274 2633 1409 2662 somno
1430 2634 1477 2662 se
1497 2621 1594 2663 dare

102 2694 295 2738 solebant.
354 2692 630 2735 Thalamorum
659 2693 901 2734 internorum
930 2690 1061 2732 aditus
1089 2702 1164 2744 per
1193 2690 1395 2742 gynaecei
1411 2690 1592 2743 parietes
