1730 2830
108 208 288 263 poculum
328 210 533 263 accipere,
580 223 658 265 quo
696 210 809 251 modo
847 210 1075 254 Diomedem
1115 226 1138 255 a
1170 209 1358 265 Graecis,
1409 210 1437 252 a'
1462 208 1596 265 Lyciis

109 277 295 320 Glaucum
336 279 499 332 saepius
539 278 754 320 honoratos
794 291 888 320 esse
927 278 1120 334 proditum
1160 285 1224 325 est
1255 282 1299 323 ll.
1327 278 1448 332 Vin,
1504 279 1595 321 ¹62.

107 346 199 399 ΧΠ,
228 347 324 389 311.
385 347 672 389 Benevolentis
702 348 815 389 animi
846 351 932 390 erat
958 348 1151 403 indicium,
1182 349 1216 391 si
1245 351 1333 406 quis
1363 349 1477 390 alteri
1505 359 1599 400 pro-

107 415 285 468 pinabat,
317 417 429 469 cujus
458 416 574 457 moris
604 416 707 457 baud
735 428 825 457 raro
857 418 894 457 in
927 417 1049 459 Iliade
1079 421 1120 460 et
1151 418 1338 471 Odyssea
1368 416 1510 458 mentio
1539 414 1597 468 nt,

109 485 153 523 ut
181 482 228 522 ll.
257 483 328 535 lv,
357 483 386 524 3
413 496 502 536 seq.
562 483 606 523 ll.
638 483 709 535 lx,
739 485 834 524 224.
895 485 1034 526 Parum
1065 489 1175 527 recte
1206 485 1441 527 Athenaeus
1471 483 1530 537 (15
1557 495 1625 535 pc

113 553 186 603 ¹4,
235 556 292 599 a.)
326 552 470 591 formas
507 548 739 604 δειδέχαται
771 553 810 592 et
841 551 1023 594 δείδεκτο
1054 567 1078 594 a
1109 553 1236 594 verbo
1266 550 1462 604 δέχεσθαι
1491 551 1599 592 deri-

111 620 239 670 vavit,
271 630 372 672 quae
402 631 426 658 a
455 618 582 658 verbo
615 618 854 660 δείκνυσθαι
886 620 1129 662 descendunt
1158 623 1227 674 (cf.
1257 621 1479 672 Buttmann,
1508 631 1598 659 aus·

108 686 227 726 fiibrl.
260 685 471 727 Grammat.
497 685 550 737 ΙΙ,
579 686 598 725 1
629 700 668 738 p.
702 687 794 738 102,
825 689 904 728 not.
934 687 1010 741 2),

252 753 407 805 Verba,
461 754 603 808 quibus
643 754 763 794 utitur
792 753 1000 796 Menelaus
1030 754 1274 797 Telemacho
1304 754 1486 809 poculum*
1513 756 1601 795 tra-

111 823 209 863 dens
262 821 339 862 Od.
377 820 448 873 lv,
501 823 597 863 591.
649 823 819 876 itemque
866 835 993 863 sermo
1032 823 1189 865 Alcinoi
1231 821 1392 864 Aretem
1440 831 1601 863 uxorem

109 889 308 942 jubentis,
361 889 492 930 Ulixis
522 891 644 930 xenia
674 891 711 929 in
741 890 843 931 cista
872 903 1070 943 reponere
1101 891 1178 933 Od.
1210 890 1330 943 Vlll,
1377 891 1462 932 430
1489 890 1602 944 seqq.

110 958 382 998 demonstrare
411 958 597 999 videntur
622 955 782 998 ἄλεισον
814 970 906 999 esse
937 960 1115 1011 poculum
1146 961 1184 1000 in
1215 958 1355 999 nullam
1374 958 1486 999 aliam
1505 970 1601 1009 rem,

111 1027 186 1066 nisi
206 1027 244 1065 in
265 1026 494 1066 libationem
516 1026 746 1065 institutum.
792 1026 902 1082 Quae
924 1029 1121 1068 sententia
1142 1040 1369 1081 quamquam
1392 1026 1603 1079 praeterea

110 1094 281 1134 firmatur
311 1093 353 1135 ll.
380 1093 463 1146 Xl,
504 1095 611 1145 ⁹774,
663 1094 850 1135 sustineri
891 1097 1016 1135 tamen
1057 1107 1132 1135 non
1169 1096 1305 1147 potest
1344 1094 1447 1148 quod
1487 1094 1602 1134 etiam

114 1159 277 1203 ἄλεισον
310 1162 529 1201 nominatur
556 1160 760 1212 poculum,
792 1174 844 1202 ex
875 1175 951 1215 quo
982 1162 1140 1202 haurire
1171 1162 1276 1202 solet
1306 1162 1504 1202 Antinous
1530 1160 1603 1201 Od.

112 1228 257 1280 XXII,
303 1231 332 1270 9
370 1241 486 1282 seqq.
553 1228 768 1280 Perperam
811 1230 976 1270 verbum
1018 1226 1180 1271 ἄλεισον
1219 1230 1504 1282 interpretatus
1542 1230 1605 1269 cst

113 1297 283 1348 Pollux,
317 1295 456 1336 Onom.
486 1294 566 1346 Vl,
608 1296 689 1346 973
733 1293 780 1335 τὸ
811 1295 856 1336 δὲ
884 1293 1045 1336 ἄλεισον
1068 1293 1295 1351 Ὁμηρικὸν
1325 1295 1430 1349 μέγα
1459 1289 1511 1348 ἦν
1541 1292 1602 1335 ἕκ-

112 1379 237 1416 πωμα
267 1362 423 1415 κληθὲν
454 1361 496 1403 ἐκ
524 1364 599 1402 τοῦ
631 1359 722 1411 ἅλις
750 1368 852 1403 πιεῖν
885 1367 926 1405 et
956 1365 1084 1415 magis
1114 1364 1309 1404 laudanda
1331 1365 1488 1404 videtur
1508 1375 1603 1403 sen-

113 1432 239 1473 tentia
266 1431 465 1472 Eustathii
505 1431 554 1471 ad
586 1430 639 1472 ll.
683 1430 837 1482 XXIV,
873 1433 980 1474 429:
1026 1429 1187 1486 ἀρέσκει
1210 1425 1271 1472 ’δὲ
1308 1435 1394 1480 τοῖς
1425 1429 1605 1472 πλείοσιν

112 1497 195 1540 ἀπὸ
235 1501 310 1540 τοῦ
351 1501 458 1540 λεῖον
495 1496 690 1552 γενέσθαι
720 1500 966 1554 πλεονασμῷ
996 1501 1070 1539 τοῦ
1102 1515 1128 1540 σ
1155 1496 1261 1551 μετὰ
1291 1501 1366 1540 τοῦ
1397 1503 1424 1539 ἇ
1454 1499 1604 1552 στηρε-

112 1570 227 1608 meo&
261 1564 288 1620 ἢ
327 1566 586 1618 ἔπιτατικοῦ,
633 1564 678 1606 τὸ
719 1564 778 1618 μὴ
809 1568 917 1607 λεΐον
948 1565 1054 1607 ἀλλὰ
1084 1565 1296 1621 περιφερὲς
1322 1563 1348 1619 ἢ
1379 1564 1605 1618 ἓμπαιστὸν

112 1633 139 1688 ἢ
169 1631 216 1675 τὸ
247 1632 351 1688 ἄγαν
382 1637 501 1675 λεῖον.
561 1634 649 1674 Non
679 1636 705 1673 ἆ
733 1634 969 1674 intensivum
1001 1637 1077 1686 est,
1105 1635 1208 1688 qnod
1240 1634 1290 1674 ad
1319 1635 1481 1674 verbum
1499 1635 1605 1674 λεῖον

116 1703 339 1756 apponitur,
373 1703 447 1743 sed
479 1703 610 1754 potius
642 1705 669 1742 ᾶ
696 1702 947 1754 privativum,
976 1715 1088 1755 quam
1120 1703 1481 1755 interpretationem
1514 1703 1605 1742 ante

115 1771 254 1813 oculos
285 1770 475 1812 habuisse
503 1770 661 1811 videtur
691 1769 886 1821 Virgilius
918 1771 1021 1811 Aen.
1053 1769 1125 1822 lx,
1157 1770 1261 1811 463:

281 1840 378 1879 Bina
418 1838 520 1879 dabo
560 1840 732 1890 argento
773 1839 951 1890 perfecta
982 1840 1102 1892 atque
1132 1850 1275 1891 aspera
1305 1837 1435 1889 signis

285 1906 447 1949 Pocula.

249 1977 399 2016 Nomen
429 1975 554 2026 igitur
585 1971 747 2014 ἄλεισον
777 1975 935 2028 accepit
962 1987 985 2014 a
1014 1973 1212 2014 caelatura
1233 1973 1270 2013 in
1292 1973 1494 2013 exteriore
1517 1973 1606 2024 ejus

114 2049 229 2098 parte
260 2043 450 2094 adhibita,
477 2054 578 2095 quae
610 2047 851 2093 ornamenta,
884 2044 925 2082 ut
957 2043 993 2082 in
1022 2041 1219 2094 prioribus
1250 2041 1390 2081 dIotum
1422 2042 1484 2080 est
1512 2039 1599 2079 mo-

114 2126 197 2153 rum
235 2113 450 2163 temporum
492 2109 652 2163 opifices
690 2110 842 2150 minime
880 2109 1132 2160 ignorabant.
1194 2108 1301 2150 Loco
1333 2107 1604 2160 supracitato

117 2180 217 2234 (011.
249 2177 384 2229 xxii,
412 2180 471 2224 9.)
502 2174 666 2218 ἄλεισον
698 2180 863 2218 vocatur
894 2175 1118 2230 ἄμφωτον,
1151 2176 1256 2228 quod
1286 2175 1526 2227 adjectivum
1555 2174 1602 2215 ad

115 2261 234 2290 ansas
268 2247 447 2300 spectat,
489 2257 590 2300 quae
621 2246 657 2285 ln
688 2245 1044 2298 ponderosioribus
1074 2244 1183 2284 vasis
1214 2243 1465 2284 necessariae
1496 2244 1608 2283 erant

115 2318 165 2359 ob
205 2312 502 2358 commodiorem
546 2314 825 2354 elevationem.
899 2313 1056 2353 Modica
1098 2312 1288 2353 interdum
1332 2308 1475 2350 ἄλεισα
1514 2322 1606 2350 con-

115 2385 381 2435 struebantur,
415 2381 545 2436 qualia
566 2394 588 2422 a
610 2393 731 2422 serva
751 2383 953 2434 rapiuntur
973 2379 1048 2421 Od.
1070 2378 1164 2429 XV,
1195 2380 1279 2421 469
1300 2390 1384 2431 seq.

258 2452 342 2492 Jam
375 2463 476 2504 quac
509 2450 710 2502 descripta
741 2452 832 2490 sunt
862 2449 1003 2502 pocula
1033 2449 1238 2488 luxuriose
1270 2449 1373 2487 sacta
1405 2446 1539 2496 erant,
1570 2445 1607 2484 id

116 2520 219 2573 quod
251 2519 524 2560 desideramus
557 2519 594 2558 in
625 2519 673 2557 iis
706 2519 815 2559 vasis
847 2517 1068 2569 potatoriis¹
1088 2529 1189 2569 quac
1218 2514 1423 2555 tractanda
1442 2514 1609 2554 restant.

119 2588 229 2629 Haec
267 2590 309 2629 ut
348 2587 558 2628 utilitatem
600 2588 746 2628 tantum
787 2586 1020 2639 spectabant
1059 2597 1081 2625 e
1123 2584 1194 2625 vili
1228 2583 1388 2624 materia
1421 2581 1612 2623 fabricata

120 2669 212 2698 esse
251 2654 470 2696 verisimile
501 2657 576 2695 est.
636 2653 722 2709 Qua
751 2655 863 2694 inre
893 2655 1117 2705 congruunt
1147 2664 1280 2693 omnes
1312 2650 1612 2704 interpretatio-

121 2737 210 2777 nes,
242 2736 344 2779 quae
375 2724 579 2765 institutae
609 2725 701 2763 sunt
725 2735 747 2762 a
778 2722 877 2762 viris
909 2722 1036 2762 doctis
1058 2721 1108 2762 de
1131 2721 1259 2762 verbo
1282 2716 1510 2771 κισσύβιον,
1537 2717 1614 2758 etsi
