1730 2830
730 74 984 113 -4-

109 180 314 236 σιγαλόεις
343 182 444 237 (Od.
478 182 530 236 V,
570 183 649 237 86)
681 184 812 237 aptius
849 185 897 224 ad
938 183 1143 236 stragulas
1173 183 1334 234 vestes,
1379 181 1430 223 de
1461 182 1602 236 quibus

112 252 148 291 in
189 252 448 306 sequentibus
487 251 744 304 tractabitur,
796 264 912 305 quam
954 252 1001 291 ad
1043 251 1180 292 solium
1220 250 1360 291 reterri
1402 249 1600 302 existimo,

110 331 268 371 quorum
305 320 571 371 epithetorum
610 320 660 359 de
694 320 915 371 originibus
956 320 1145 360 disseruit
1185 318 1344 360 Curtius
1371 318 1438 359 Gr.
1467 317 1600 369 Etym.

108 386 140 438 1,
168 388 269 428 262.
304 386 364 440 ll,
411 389 504 430 186.
561 387 777 428 Praeterea
808 387 1114 440 disputaverunt
1144 387 1193 428 de
1222 387 1283 427 his
1313 385 1451 428 verbis
1481 384 1600 425 Nitz-

108 453 240 494 schius
281 458 483 496 comment.
522 456 585 498 ad.
627 455 700 496 Od.
735 454 812 506 Vl,
860 457 934 503 ²6,
982 454 1067 496 316
1106 457 1146 494 et
1182 454 1365 507 Heynius
1404 455 1601 494 comment.

109 522 173 562 ad.
206 522 251 562 ll.
288 522 336 575 V,
368 524 464 564 226.
523 522 693 563 Deorum
724 523 788 576 qui
819 523 938 563 multo
970 524 1142 576 maJores
1173 524 1262 562 sunt
1292 534 1401 576 quam
1423 520 1600 561 homines

107 591 208 632 solia
237 591 477 632 nominantur
503 587 661 644 χρύσεα
691 593 732 631 et
761 587 926 644 ἄφθιτα
954 590 1020 644 (ll.
1050 590 1160 642 XIV,
1190 590 1316 642 238),
1347 589 1448 630 unde
1475 585 1600 629 ortum

109 661 172 699 est
203 658 431 713 epitheton,
458 655 763 714 χρυσόθρονος,
796 670 872 713 quo
905 657 1150 699 illustrantur
1180 657 1306 717 Juno,
1337 656 1487 710 Diana,
1516 655 1601 696 Au·

108 740 209 767 rora.
281 726 381 782 Quia
423 729 499 767 tam
537 726 770 767 honoratum
809 726 935 766 sedile
975 723 1132 780 θρόνος
1171 728 1258 766 erat
1297 725 1600 767 advenientibus

109 807 265 848 quoque
308 794 437 834 offerri
477 794 636 835 solebat
674 794 922 846 hospitibus,
968 796 1009 833 ut
1040 794 1223 835 docemur
1252 792 1420 833 Achillis
1450 788 1599 844 verbis,

109 863 173 914 qui
204 862 396 901 Priamum
433 863 810 914 appropinquantem
842 861 1051 914 alloquitur
1081 859 1127 899 ll.
1160 859 1313 912 xxiv,
1351 861 1460 901 52²:
1510 857 1595 899 ἀλλ’

107 926 178 982 ἄγε
219 926 271 982 δὴ
313 926 397 970 κατ’
432 925 495 982 ἄρ’
538 925 623 978 ἕζευ
663 928 726 970 ἐπὶ
761 926 932 980 θρόνου·
966 952 1017 958 -
1078 927 1251 968 Eandem
1283 927 1453 980 hospitis
1484 928 1600 969 exci-

108 997 242 1049 piendi
273 997 462 1037 rationem
494 996 758 1037 Telemachus
789 998 944 1038 confert
976 997 1012 1035 in
1041 996 1275 1045 Minervam,
1307 1007 1407 1050 quae
1439 995 1600 1035 Mentae

106 1078 278 1118 persona
311 1067 430 1106 utitur
452 1063 533 1107 Od.
552 1064 580 1111 l,
615 1065 692 1107 130
713 1078 797 1118 seq.
840 1064 1075 1119 Quamquam
1105 1064 1242 1104 solium
1267 1065 1321 1105 ita
1341 1062 1597 1105 construeba-

106 1137 192 1184 tur,
223 1134 265 1172 ut
294 1132 538 1183 magnificum
570 1136 682 1173 esset
712 1133 920 1185 adspectu,
952 1135 1078 1171 tamen
1108 1131 1213 1171 nullo
1245 1132 1360 1172 modo
1387 1130 1611 1172 commodi-⁷

108 1205 170 1241 tas
212 1201 402 1252 neglecta
442 1204 550 1252 erat,
608 1214 729 1254 quare
770 1201 871 1241 Juno
901 1200 1054 1253 judicat
1099 1199 1276 1240 thronum
1310 1212 1402 1240 esse
1442 1200 1598 1251 donum,

106 1282 183 1322 quo
215 1269 422 1320 Somnum,
471 1269 743 1308 inertissimum
774 1269 900 1308 Deum
938 1269 1014 1307 sibi
1052 1269 1258 1318 conciliet,
1311 1268 1412 1321 quod
1450 1267 1600 1318 legitur

105 1335 153 1378 ll.
194 1335 306 1377 XlV.
345 1336 429 1378 238
467 1347 581 1390 seqq.
654 1336 796 1377 lisdem
838 1349 860 1378 e
900 1337 1086 1377 versibus
1128 1335 1393 1388 concluditur,
1441 1334 1597 1376 scabel-

107 1405 182 1444 lum
214 1405 317 1458 quod
339 1416 458 1456 supra
489 1404 659 1443 diximus
691 1404 850 1445 affixum
884 1417 978 1444 esse
1010 1405 1059 1444 ob
1080 1405 1375 1445 commodiorem
1394 1416 1597 1445 ascensum

107 1486 190 1514 eam
222 1485 378 1527 quoque
410 1472 614 1513 utilitatem
647 1472 800 1525 afferre,
832 1476 871 1513 ut
904 1473 1306 1526 insidentiumxpedes
1337 1473 1389 1513 ibi
1413 1472 1596 1527 conquie-

27 1593 29 1596 Υ
104 1544 274 1581 scerent.
340 1540 456 1579 Duae
496 1541 619 1590 igitur
659 1541 911 1580 inveniuntur
952 1553 1139 1591 caussae,
1190 1553 1257 1580 cur
1295 1543 1457 1595 θρῆνυς
1495 1541 1596 1580 solio

24 1597 40 1615 ἓ
104 1608 307 1649 adhibitus
343 1608 417 1657 sit,
469 1607 572 1647 unde
613 1607 805 1660 duplicem
847 1609 1212 1661 interpretationem
1243 1608 1319 1648 viri
1351 1608 1455 1648 docti
1484 1609 1597 1649 insti-

105 1679 273 1716 tuerunt.
332 1675 561 1715 Eustathius
603 1677 699 1714 enim
739 1675 857 1728 huJus
900 1677 1009 1715 verbi
1054 1675 1248 1726 originem
1289 1675 1509 1728 explicavit
1547 1676 1595 1716 ad

104 1744 150 1785 ll.
185 1742 298 1794 xiv,
339 1744 447 1784 240:
493 1741 598 1790 τινὲς
638 1741 683 1783 δὲ
713 1740 793 1784 ἀπὸ
831 1745 905 1784 τοῦ
934 1745 1078 1797 θορεῒν
1109 1740 1195 1785 ἅνω
1226 1740 1355 1784 αὐτοῦ
1385 1746 1471 1792 τοῖς
1499 1741 1595 1786 πόσὶ

104 1807 288 1864 δηλαδή,
319 1812 373 1850 ita
404 1813 446 1850 ut
474 1823 609 1850 nomen
642 1816 766 1851 ortum
800 1814 933 1862 esset,
966 1812 1067 1863 quod
1100 1808 1149 1851 ad
1180 1811 1424 1852 insiliendum
1455 1813 1493 1851 in
1524 1825 1595 1852 so-

100 1879 191 1920 lium
236 1878 458 1930 applicatus
499 1880 584 1919 erat
614 1881 796 1933 θρῆνυς,
844 1879 920 1919 alio
954 1891 1048 1919 vero
1079 1879 1164 1919 loco
1196 1879 1264 1928 (ad
1296 1877 1370 1919 0d.
1402 1878 1472 1931 lv,
1521 1881 1596 1928 51)

102 1949 352 1987 Athenaeum
385 1950 546 1987 secutus
578 1951 654 1996 est,
687 1948 750 1998 qui
784 1947 832 1985 dc
863 1947 964 1986 solio
996 1951 1036 1986 et
1066 1946 1243 1986 scabello
1274 1948 1401 1986 verba
1419 1947 1514 1986 facit
1544 1946 1595 1998 V,

103 2028 139 2066 p.
177 2015 271 2055 192.
305 2026 351 2053 e:
393 2009 414 2052 ὃ
446 2010 524 2066 γοῗρ
556 2009 711 2067 θρόνος
741 2011 843 2053 ἆυτὸ
873 2010 1001 2063 μόνον
1031 2009 1263 2067 ἐλευθέριός
1291 2012 1377 2054 ἔστι
1407 2011 1595 2068 καθέδρα

103 2081 178 2122 σὺν
216 2077 453 2135 ὑποποδίῳ,
494 2078 593 2132 ὅπερ
625 2083 786 2133 θρῆνυν
816 2083 1061 2129 καλοῦντες,
1109 2079 1299 2121 ἐντεῦθεν
1330 2079 1457 2122 αὗτὸν
1487 2078 1595 2123 ὠνό-

99 2161 241 2199 μασαν
271 2146 428 2200 θρόνον
460 2149 533 2187 τοῦ
564 2143 817 2202 θρήσασθαι
844 2143 981 2199 χάριν,
1014 2144 1113 2199 ὅπερ
1147 2146 1210 2187 ἐπὶ
1233 2149 1307 2188 τοῦ
1339 2146 1592 2198 καθέζεσθαι

100 2211 343 2261 τάσσουσιν,
376 2211 431 2262 ὥς
465 2215 666 2268 Φιλητᾶς·

477 2280 730 2336 θρήσασθαι
759 2278 955 2336 πλατάνῳ
985 2282 1108 2338 λασίῃ
1139 2280 1229 2323 ὕπο.

241 2351 316 2390 Hic
355 2351 479 2400 igitur
520 2350 756 2403 explicatum
798 2353 860 2389 est
890 2350 1016 2389 verba
1046 2352 1217 2403 θρῆνυς,
1238 2353 1279 2390 et
1306 2347 1462 2403 θρόνος
1491 2351 1594 2391 deri-

98 2418 227 2457 vanda
264 2429 356 2458 esse
395 2430 418 2457 a
458 2417 585 2458 verbo
615 2413 867 2470 θρήσασθαι
907 2421 948 2458 ct
986 2430 1113 2470 aeque
1157 2417 1207 2457 ob
1239 2429 1470 2458 communem
1501 2420 1595 2471 ety-

98 2485 307 2536 mologiam
358 2488 560 2538 utramque
613 2498 751 2526 vocem
792 2486 842 2524 de
881 2486 1069 2525 sedilibus
1107 2486 1280 2536 intelligi
1321 2497 1465 2537 posse,
1520 2486 1592 2525 sed

97 2554 284 2608 loquendi
325 2553 610 2594 consuetudine
641 2554 780 2594 factum
813 2557 896 2605 est,
948 2556 990 2594 ut
1019 2555 1180 2606 θρῆνυς
1209 2566 1280 2606 pro
1311 2552 1485 2594 scabello
1512 2558 1593 2607 po-

100 2625 274 2662 neretur.
344 2621 395 2661 Et
435 2633 627 2662 scamnum
666 2610 821 2674 quidem
862 2622 1110 2661 insidentium
1153 2622 1190 2660 in
1228 2633 1335 2661 usum
1375 2607 1590 2671 institutum

96 2689 162 2730 ille
201 2691 364 2744 θρῆνυς
407 2689 565 2730 videtur
607 2702 699 2731 esse
739 2690 776 2730 in
817 2702 930 2743 quem
961 2688 1072 2742 Ajax
1098 2699 1204 2730 'sese
1242 2690 1386 2742 recipit
1423 2688 1469 2730 ll.
1498 2686 1589 2743 XV,
1644 2713 1649 2717 «
