1730 2830
715 56 998 98 ...13-

114 172 153 212 in
189 169 378 212 aediliciis
403 193 409 201 ι
430 169 538 210 multi
579 166 717 221 δίφροι
765 167 1036 217 inveniuntur,
1093 165 1201 207 sicut·
1235 163 1364 205 Ulixis
1403 164 1441 204 in
1464 163 1596 205 ⁴«ioum

116 237 215 292 (od.
245 237 315 290 lv,
343 236 473 290 718.)
539 234 692 275 Nullum
732 234 913 275 sellarum
947 236 1083 286 'genus
1112 244 1213 286 quae
1240 233 1279 271 in
1308 231 1598 272 Hor-eticorum

115 305 272 347 heroum
312 303 514 345 domiciliis
549 303 798 344 inveniuntur
836 315 859 343 a
893 314 952 343 me
992 301 1312 355 praetermissum
1352 302 1471 352 puto,
1522 300 1596 341 sed

115 376 320 428 antequam
359 371 478 425 hujus
516 371 643 424 partis
683 370 797 412 linem
836 371 956 422 facio,
1014 369 1134 410 liceat
1173 367 1286 420 mibi,
1338 371 1380 409 ut
1417 369 1599 409 breviter

116 444 303 483 disseram
334 441 384 482 de
415 439 551 481 verbis
580 435 701 491 ἕδρη,
733 436 846 488 ἕδος,
876 440 1037 491 θῶκος,
1068 437 1208 492 quibus
1236 439 1279 478 et
1307 436 1429 478 sedes
1458 439 1500 478 et
1527 448 1598 477 se-

60 504 64 509 *
116 510 197 551 dile
228 510 431 551 indicatur.
491 507 575 547 Jam
606 507 704 546 satis
733 520 756 546 a
785 507 882 546 viris
911 506 1039 548 doctis
1070 507 1372 546 demonstratum
1393 507 1458 546 est
1476 505 1599 545 verba

115 575 213 631 ἕδρη
252 580 294 619 et
330 574 422 623 ἕδος
459 588 482 615 a
516 575 641 615 verbo
680 572 844 623 ἵζεσθαι
885 572 1066 628 (Curtius
1097 573 1165 615 Gr.
1194 573 1326 626 Etym.
1356 574 1432 613 No.
1463 574 1598 627 2811),

114 647 256 693 θῶκος
284 647 410 686 autem
441 656 464 683 a
492 642 616 683 verbo
640 641 817 683 θάσσειν
847 641 1102 695 (Buttmann,
1129 641 1258 683 Lexil.
1291 641 1343 694 ll,
1378 641 1492 696 111.)
1522 641 1595 682 de-

115 713 249 752 rivari.
308 711 462 752 Versus
494 710 540 750 ll.
561 709 611 762 ll,
643 711 722 752 211
758 711 800 750 et
828 709 903 752 od.
924 709 1033 759 x1113
1061 711 1118 751 56
1138 722 1224 763 seq.
1256 710 1467 751 ostendunt
1497 722 1598 750 ver-

114 781 202 832 bum
240 777 338 834 ἕδρη
377 791 470 820 esse
508 777 824 829 usitatissimum,
874 778 922 817 ad
952 777 1246 829 significandam
1277 778 1435 830 sedem,
1485 791 1598 832 quam

114 849 354 900 usurpabant
390 847 606 887 contionum
646 848 686 885 et
728 845 999 885 sacrificiorum
1039 846 1266 898 participes
1335 845 1419 886 Sed
1450 846 1598 887 instru-

113 919 279 957 mentum
316 915 523 969 quodque,
583 912 688 966 quod
725 912 774 952 ad
815 913 1027 953 sedendum
1066 913 1197 965 aptum
1237 916 1322 965 est,
1382 915 1597 955 nominatur

114 981 234 1036 ἕδρη,
283 995 405 1036 quare
424 985 601 1043 (strues,
646 992 756 1033 quam
788 981 979 1021 Eumaeus
1011 980 1118 1022 Ulixi
1156 982 1311 1034 paravit
1347 982 1402 1022 ita
1434 984 1598 1023 vocatur

115 1050 190 1091 Od.
227 1049 336 1101 XVI,
374 1052 441 1090 42.
522 1049 717 1088 Latiorem
765 1050 894 1087 etiam
920 1061 1099 1095 sensum,
1149 1062 1260 1101 quam
1301 1050 1462 1089 verbum
1498 1047 1596 1103 ἕδρη

114 1118 280 1171 praebet
307 1118 469 1158 verbum
499 1114 613 1167 ἕδος,
656 1116 759 1168 quod
792 1116 988 1167 significat
1019 1119 1061 1156 et
1090 1117 1215 1156 sedile
1246 1115 1313 1169 (ll.
1345 1117 1376 1168 l,
1407 1117 1526 1172 534.)
1556 1121 1599 1159 et

115 1187 239 1228 locum
271 1185 580 1227 commorationis
613 1182 681 1236 (n.
711 1183 761 1232 V,
792 1184 912 1238 360.)
943 1187 983 1224 et
1012 1187 1137 1225 actum
1169 1185 1399 1237 quiescendi
1430 1185 1497 1238 [ll.
1522 1184 1596 1237 Xl,

114 1254 244 1308 648),
297 1265 421 1305 saepe
462 1253 576 1292 etiam
620 1254 828 1304 usurpatur
868 1252 917 1292 de
952 1251 1063 1304 solo,
1114 1252 1178 1292 ubi
1219 1255 1287 1292 aut
1317 1254 1499 1306 oppidum
1529 1257 1596 1294 aut

115 1323 231 1373 regio
262 1322 337 1363 sita
368 1323 431 1361 est
461 1318 561 1373 (od.
590 1318 663 1370 XI,
693 1320 789 1360 263.
817 1318 927 1371 Xlll,
955 1320 1093 1374 344).
1162 1320 1331 1361 Verbum
1360 1323 1503 1370 θῶκος
1531 1322 1595 1361 di-

115 1391 214 1430 citur
253 1392 292 1430 et
326 1389 375 1429 de
414 1388 500 1428 loco
539 1387 730 1427 contionis
759 1389 877 1441 atque
908 1389 1217 1429 commorationis
1248 1388 1344 1441 [Od.
1377 1388 1469 1441 XV,
1496 1390 1595 1442 468,

115 1456 214 1510 xli,
238 1456 359 1510 318.)
394 1459 436 1496 et
475 1456 522 1496 de
563 1456 744 1496 contione
786 1457 874 1507 ipsa
914 1455 1013 1508 sod„
1044 1455 1095 1507 ll,
1125 1456 1226 1508 26),
1274 1469 1348 1497 uno
1379 1470 1477 1498 vero
1506 1457 1595 1499 loco

115 1526 332 1578 promiscue
359 1527 567 1576 usurpatur
595 1537 668 1576 pro
697 1524 821 1564 verbo
851 1521 948 1576 ἕδρη
977 1523 1076 1576 [od.
1105 1523 1156 1576 ll,
1191 1525 1286 1577 14).

738 1681 803 1731 lle
836 1680 975 1730 lecto.

254 1792 424 1834 Hernica
454 1795 600 1845 aetate,
631 1795 674 1833 ut
697 1794 778 1845 jam
808 1804 927 1844 supra
958 1791 1098 1833 dictum
1130 1795 1194 1834 est
1225 1795 1261 1835 in
1293 1795 1490 1836 conviviis
1520 1808 1594 1835 non

114 1861 351 1912 accubandi‚
401 1861 472 1900 sed
511 1861 738 1901 considendi
782 1873 864 1900 mos
905 1862 1013 1911 erat,
1066 1873 1186 1913 quare
1216 1862 1265 1901 iis
1292 1863 1527 1914 temporibus
1558 1864 1595 1901 in

115 1928 379 1969 dormientium
411 1930 609 1982 proprium
640 1942 747 1969 usum
777 1921 870 1969 lecti
901 1928 1250 1986 construebantur,
1301 1942 1428 1984 neque
1459 1931 1496 1971 in
1526 1943 1594 1971 an-

114 1997 309 2038 dronitide
347 1998 652 2040 collocabantur.
727 1998 950 2048 Vocabula,
1010 1999 1149 2052 quibus
1186 1999 1311 2039 lectus
1351 1998 1596 2050 significatur

113 2063 229 2117 λέχος
267 2068 307 2107 et
344 2063 513 2118 λέκτρον
548 2066 726 2118 ejusdem
760 2067 894 2119 stirpis
925 2069 1036 2118 sunt,
1085 2080 1185 2120 quae
1213 2067 1360 2121 duplex
1392 2068 1515 2108 forma
1544 2067 1595 2107 ob

113 2132 253 2172 nullam
284 2133 398 2173 aliam
428 2145 532 2185 rem,
571 2134 645 2173 nisi
677 2136 884 2174 varietatis
916 2146 1053 2174 caussa
1084 2135 1261 2174 instituta
1291 2135 1471 2186 videtur,
1513 2147 1595 2175 cum

114 2203 155 2240 et
183 2201 282 2240 idem
312 2213 443 2252 genus
473 2200 662 2242 lectorum
692 2202 927 2253 inveniatur,
958 2201 1023 2241 ubi
1053 2201 1193 2243 dicitur
1223 2200 1337 2253 λέχος
1368 2205 1409 2243 et
1429 2200 1597 2258 λέκτρον

113 2270 154 2310 et
183 2269 402 2321 promiscue
432 2270 636 2323 utrumque
669 2270 830 2310 verbum
860 2268 1091 2310 adhibeatur
1121 2269 1218 2323 [Od.
1252 2268 1359 2322 Vlll,
1386 2272 1596 2314 269-292.

113 2334 265 2389 xxm,
304 2335 402 2377 294.
443 2336 573 2391 296.)
649 2337 907 2392 Antiquiores
955 2339 1197 2389 grammatici
1240 2339 1366 2379 verba
1402 2337 1518 2391 λέχος
1557 2343 1599 2381 et

113 2401 281 2458 λέκτρον
320 2403 555 2444 derivabant
595 2417 618 2444 a
650 2406 776 2447 verbo
816 2404 964 2460 λέγειν,
1016 2419 1116 2459 quae
1155 2406 1399 2458 etymologia
1437 2408 1596 2460 probari

112 2482 187 2510 non
229 2474 385 2524 potest,
430 2473 519 2526 quia
557 2473 719 2514 verbum
760 2472 886 2528 λέγειν
925 2488 1007 2515 cum
1051 2475 1184 2515 verbis
1214 2473 1330 2528 λέχος
1360 2478 1402 2517 et
1430 2474 1598 2532 λέκτρον

112 2536 220 2578 nullo
260 2540 373 2580 modo
414 2540 612 2598 cohaeret.
677 2541 774 2583 Nam
818 2555 1041 2597 quamquam
1079 2549 1230 2596 negant
1258 2544 1316 2584 illi
1348 2543 1420 2599 [cf.
1449 2545 1597 2585 Eusta-

113 2603 219 2646 thius
251 2607 299 2646 ad
330 2606 374 2647 ΙΙ.
406 2607 517 2661 Xlll,
545 2608 660 2662 275.)
704 2611 866 2650 verbum
908 2608 1033 2664 λέγειν
1062 2611 1220 2652 Homeri
1251 2613 1494 2666 temporibus
1524 2626 1596 2666 po-

113 2674 298 2716 testatem
339 2676 451 2716 verbi
491 2677 644 2719 dicendi
684 2676 898 2732 habuisse,
946 2680 1017 2721 sed
1045 2680 1212 2733 positum
1240 2694 1334 2722 esse
1360 2695 1433 2735 pro
1467 2683 1592 2725 verbo
