1730 2830
724 127 1004 168 -35-

118 240 335 281 nominatur
363 237 490 296 φιᾶλη
520 237 776 294 ἀμφίθετος,
813 239 926 291 cujus
950 237 1064 278 verbi
1093 236 1443 289 interpretationes
1471 235 1602 275 maxi-

119 319 180 348 me
212 308 346 350 variae
366 309 536 360 extant,
577 319 679 362 quae
707 306 895 357 leguntur
923 318 987 358 ap.
1020 303 1167 346 Athen.
1201 303 1272 357 XI,
1302 318 1342 358 p.
1372 304 1468 346 501.
1537 301 1602 343 Ex

119 377 293 417 omnibus
323 376 385 417 his
415 377 654 429 conjecturis
683 374 789 415 nulla
815 374 905 414 mihi
935 374 1093 426 placet,
1131 374 1205 413 nisi
1235 385 1335 426 quae
1364 372 1482 413 tertio
1513 371 1602 412 loco

118 446 249 497 posita
278 448 343 487 est
371 458 395 486 a
424 444 770 499 deipnosophista:
818 439 922 490 τινές
949 440 996 483 δέ
1022 455 1173 497 φασιν,
1221 437 1269 481 ὃν
1296 436 1450 495 τρόπον
1478 437 1603 495 ἀμφι-

77 553 79 555 .
119 510 269 565 φορεὺς
309 511 489 566 λέγεται,
534 510 555 552 ὃ
599 509 899 567 ἀμφοτέρωθεν
934 509 1042 551 κατὰ
1079 508 1132 550 τὰ
1162 503 1249 550 ὦτα
1279 504 1503 560 δυνάμενος
1533 507 1605 563 φέ-

119 581 292 634 ρεσθαι,
345 577 453 622 οὕτω
491 579 559 621 καὶ
589 577 825 635 ἀμφίθετον
856 575 1020 633 φιάλην.
1080 578 1220 619 Parum
1250 579 1359 618 recte
1387 577 1485 618 enim
1513 575 1603 617 mihi

119 647 277 688 videtur
314 647 546 689 Athenaeus
583 648 726 702 (ibid-J
765 647 933 703 alterum
961 647 1076 688 verbi
1107 643 1234 701 φιάλη
1264 645 1469 699 epitheton
1500 640 1604 685 ἀπύ-

118 729 250 768 ρωτος
297 717 579 770 interpretatus
618 728 710 757 esse
748 702 1181 769 verbb³1pvxqvjzatog
1219 716 1260 755 et
1298 713 1476 765 Ussingii
1507 725 1604 754 sen-

119 783 278 823 tentiam
312 783 538 825 laudandam
571 795 665 824 esse
695 783 877 822 existimo
909 781 982 835 (de
1012 795 1112 823 nom.
1144 795 1233 823 vas.
1262 794 1300 835 p.
1332 780 1446 835 942)
1499 780 1605 833 „Est

119 851 217 891 enim
259 867 416 906 απυρος
456 852 630 893 Homero
668 852 770 891 idem
808 854 927 904 atque
956 847 1177 904 ἀπύρωτος
1206 852 1232 890 i.
1255 863 1299 907 e.
1329 850 1413 901 igni
1438 850 1602 890 nondum

118 918 312 972 admotus,
343 933 483 960 novus.
487 920 513 944 ‘⁶
571 919 679 960 Sane
702 919 824 971 igitur
843 914 1064 973 ἀπύρωτος
1082 917 1226 958 indicat
1261 903 1314 970 id,
1344 917 1447 971 quod
1471 929 1603 971 quam

118 987 181 1025 vis
226 988 262 1027 in
303 1000 389 1027 eum
430 1002 538 1028 usum
574 990 837 1028 constructum
879 987 952 1036 sit,
1010 985 1053 1025 ut
1092 998 1213 1037 supra
1248 987 1380 1037 ignem
1420 988 1602 1046 ponatur,

117 1053 280 1094 nondum
326 1054 535 1096 adhibitum
577 1057 665 1113 est,
715 1049 857 1108 quodsi
897 1053 981 1105 igni
1022 1052 1224 1093 admoveri
1265 1053 1422 1094 solebat
1458 1041 1609 1107 phiala,

118 1122 247 1175 ansis,
294 1134 393 1177 quae
431 1135 543 1177 quam
573 1123 824 1164 necessariae
855 1122 935 1162 sint
957 1122 1040 1174 jam
1069 1133 1189 1174 supra
1217 1121 1255 1161 in
1285 1122 1507 1175 tripodibus
1539 1122 1604 1162 vi-

119 1189 240 1231 dimus
280 1189 472 1242 phialam
489 1193 730 1232 exstructam
771 1191 894 1231 ruisse
934 1189 1151 1230 verisimile
1188 1192 1250 1230 est
1289 1192 1330 1230 et
1367 1186 1604 1244 ἀμφίθετος

118 1256 219 1297 idem
249 1258 392 1299 indicat
420 1261 538 1313 atque
566 1256 837 1313 ἀμφιφορεύς
904 1258 1007 1300 Huic
1035 1259 1258 1299 sententiae
1285 1258 1389 1299 bene
1419 1258 1603 1300 convenit

119 1325 221 1377 quod
249 1316 384 1366 eadem
408 1324 562 1381 χρυσέη
593 1322 746 1381 φιάλη,
788 1327 824 1366 in
857 1339 932 1379 qua
962 1326 1178 1374 conduntur
1205 1325 1378 1367 Patrocli
1409 1339 1502 1366 ossa
1533 1324 1603 1379 (ll.

117 1383 396 1444 xx111‚·243.
429 1392 551 1447 253.)
589 1394 639 1434 ab
669 1394 802 1437 umbra
833 1392 1005 1435 Patrocli
1030 1390 1207 1449 χρύσεος
1237 1389 1498 1454 ἆμφιφορευς
1527 1406 1602 1434 uo-

117 1460 281 1502 minatur
320 1451 577 1513 (n.xxl11‚
611 1461 706 1514 92.)
748 1461 821 1501 nisi
856 1462 961 1502 forte
998 1463 1265 1502 existimamus
1302 1461 1497 1501 Achillem
1528 1462 1603 1501 ad-

118 1538 262 1566 versus
314 1527 425 1570 amici
464 1527 683 1569 mandatum
722 1528 830 1568 aliud
869 1540 1022 1569 aureum
1063 1541 1138 1570 vas
1177 1527 1413 1569 adhibuisse.
1491 1527 1602 1584 Quae

118 1607 202 1634 cum
237 1598 470 1645 argumenta
510 1598 680 1646 extent,
732 1595 912 1636 concludi
941 1610 1147 1649 possumus
1176 1597 1422 1637 Homericam
1452 1592 1604 1650 φιάλην

118 1661 242 1702 fuisse
277 1662 458 1704 usitatum
490 1676 565 1705 vas
597 1664 881 1718 coquinarium,
919 1665 982 1706 cui
1011 1665 1111 1706 duae
1140 1678 1261 1706 ansae
1296 1664 1438 1706 affixae
1468 1668 1605 1707 essent

117 1731 235 1782 atque
264 1731 425 1771 similem
455 1733 494 1772 in
525 1732 676 1773 modum
702 1733 876 1773 Patrocli
907 1745 1038 1773 urnam
1069 1735 1333 1774 constructam
1363 1734 1500 1773 fnisse.

186 1816 193 1818 ἡ
258 1797 342 1837 Jam
385 1811 467 1839 cum
506 1800 649 1857 mentio
687 1801 793 1841 facta
830 1802 881 1841 sit
921 1801 1214 1843 consuetudinis
1245 1801 1427 1842 heroicae
1456 1802 1602 1842 aetatis

119 1866 297 1916 corporis
336 1866 498 1907 lavandi
539 1872 658 1921 atque
698 1880 825 1921 vasa,
873 1880 974 1922 quae
1002 1869 1052 1925 ad
1082 1869 1158 1910 hoc
1187 1870 1389 1922 negotium
1420 1871 1603 1922 spectant

119 1930 318 1984 descripta
347 1934 437 1985 sint,
466 1935 601 1976 facere
631 1949 707 1976 non
735 1949 908 1989 possum,
939 1937 1029 1989 quin
1059 1948 1185 1989 pauca
1213 1937 1352 1977 addam
1384 1937 1433 1978 de
1453 1938 1604 1978 unctio-

119 2009 192 2048 ne,
238 2013 349 2054 quam
389 2004 631 2056 conjungere
674 2007 834 2046 veteres
872 2018 955 2047 cum
995 2005 1196 2047 lavatione
1237 2006 1420 2048 solebant
1450 2005 1516 2060 (ΙΙ.
1548 2005 1601 2058 X,

118 2066 203 2106 576
219 2069 370 2122 seqq.J.
435 2071 486 2110 Et
517 2072 567 2111 de
601 2073 690 2113 oleo
720 2074 875 2126 quidem
905 2074 942 2114 in
973 2074 1185 2125 unguendo
1215 2073 1390 2116 abhibito
1421 2074 1601 2115 luculen-

119 2134 180 2173 ter
199 2128 481 2188 'disputavisse
510 2138 601 2179 mihi
633 2140 790 2182 videtur
821 2142 1017 2195 Terpstra
1048 2143 1141 2183 Ant.
1171 2142 1281 2183 Hom.
1315 2155 1354 2195 p.
1376 2144 1470 2185 184.
1501 2142 1544 2198 §-
1561 2144 1601 2184 5.

119 2206 169 2247 ad
199 2205 303 2259 quod
338 2206 595 2261 condendum,
627 2212 713 2250 erat
743 2211 840 2250 enim
870 2211 1154 2255 suavissimum.
1185 2223 1304 2252 aurea
1333 2224 1433 2252 vasa
1460 2212 1499 2252 in
1528 2223 1601 2251 usu

120 2276 243 2335 erant.
313 2272 504 2325 Lagenae
544 2279 701 2330 species
739 2279 812 2320 fuit
839 2275 1047 2333 λήκυθος,
1098 2280 1201 2335 quod
1231 2292 1369 2321 nomen
1398 2284 1510 2322 recte
1538 2281 1602 2320 in·-

119 2344 383 2396 terpretantur
420 2347 662 2394 grammatici
703 2347 771 2402 (Ε
802 2348 863 2388 M.
901 2362 941 2401 p.
971 2349 1069 2400 563,
1108 2348 1227 2401 40.J3
1278 2347 1325 2390 τὸ
1356 2345 1603 2403 προχούὸιον

119 2408 233 2465 παρὰ
261 2406 309 2450 τὸ
341 2406 475 2451 ἔλαιον
504 2408 666 2454 κεύθειν
695 2428 780 2456 nam
807 2418 849 2457 et
869 2416 1077 2457 Homerico
1108 2428 1212 2457 aevo
1235 2416 1333 2470 (od.
1354 2416 1424 2457 Vl.
1446 2418 1502 2459 ’79
1516 2429 1603 2471 seq

118 2477 240 2532 215)
271 2480 312 2518 et
341 2479 651 2530 posterioribus
646 2484 902 2536 temporibus
931 2482 1116 2534 Mam-905·
1146 2486 1194 2527 ad
1225 2486 1353 2527 oleum
1383 2497 1603 2528 reservan-

119 2548 206 2588 dum
234 2547 413 2588 instituta
443 2548 518 2587 est.

258 2614 343 2655 Sed
382 2614 482 2656 haec
508 2614 650 2668 habui,
698 2630 798 2671 quae
827 2619 877 2660 de
906 2607 1143 2674 supellectili
1172 2621 1210 2662 in
1241 2620 1363 2662 iliade
1396 2624 1437 2663 et
1466 2620 1604 2673 Odys—

120 2695 190 2724 sea
218 2682 449 2726 illustranda
477 2695 728 2736 exponerem.
