1730 2830
131 161 288 205 deatur.
347 162 435 218 Qua
464 174 564 203 vere
594 163 633 203 in
653 170 703 204 re
719 165 893 216 κλισμοῖ
913 167 1136 219 proprietas
1156 167 1421 220 conspiciatur
1438 168 1621 209 docemur

130 231 181 272 ab
211 229 447 282 Atheneo,
486 231 553 285 qui
580 231 619 271 in
647 231 733 272 loco
763 244 884 286 supra
913 235 1033 275 citato
1063 234 1137 288 (V,
1168 244 1208 287 p.
1240 231 1383 283 1921.)
1413 237 1619 290 postquam

131 300 181 338 de
210 299 313 339 solio
346 299 469 340 verba
498 300 614 351 fecit,
650 301 849 342 continuat
876 310 1116 344 sermonem:
1157 296 1178 343 ὅ
1210 301 1255 344 δὲ
1283 301 1453 356 κλισμὸς
1483 312 1622 356 nepit—
1702 294 1708 297 ⁴

132 364 314 420 ποτέρως
351 364 603 420 κεκόσμηται
633 365 855 409 ἀνακλίσει.
926 370 1144 422 Praecipua
1183 372 1307 422 igitur
1335 368 1451 424 hujus
1481 369 1620 411 sedilia

131 434 411 487 commoditas,
464 438 507 476 ut
543 435 672 476 verba
700 436 994 492 περιττοτέρως
1023 435 1228 480 ἀνακλίσει
1257 439 1420 490 doceut‚
1468 439 1624 480 emole·-

135 503 252 542 batur
290 503 567 553 reclinatorio,
616 504 721 556 quod
754 504 913 544 videtur
943 508 1067 558 majus
1096 503 1221 545 ruisse
1252 507 1289 546 in
1320 508 1478 561 κλισμῷ
1509 514 1622 560 quam

134 570 172 609 in
202 565 362 625 θρόνῳ.
421 570 509 611 Hoc
537 570 664 610 sedile
694 571 743 610 ad
775 571 1038 612 reclinandum
1068 574 1306 625 aptissimum
1337 582 1430 613 esse
1459 574 1626 626 apparet

135 638 254 678 etiam
298 650 395 689 usu,
441 638 479 678 in
520 651 634 691 quam
675 636 846 690 κλισμός
884 653 907 679 a
937 640 1142 692 Penelope
1184 642 1354 681 vertitur
1386 641 1461 681 od.
1494 638 1625 691 xvn,

134 707 192 747 96
217 718 329 759 seq-z

338 771 481 826 μήτηρ
512 770 548 813 δ’
583 770 723 814 ἀντίον
752 769 806 823 ἷζε
836 774 949 828 παρὰ
978 774 1173 827 σταθμὸν
1201 773 1398 830 μεγάροιο

342 842 501 895 κλισμῷ
531 840 756 894 κεκλιμένη.

282 907 416 960 Atque
448 910 601 948 nomine
632 922 868 961 expressum
898 914 981 961 est,
1024 912 1113 963 quid
1145 911 1270 951 verbo
1302 912 1472 961 κλισμὸς
1499 910 1626 961 signi*

136 973 303 1022 licetur,
349 987 431 1014 cum
463 976 581 1016 facile
612 978 664 1016 sit
693 977 895 1018 intellectu
925 979 1143 1019 arctissime
1174 973 1268 1018 illud
1299 978 1516 1018 cohaerere
1546 989 1629 1017 cum

137 1042 260 1082 verbo
291 1041 448 1082 κλίνειν.
492 1033 622 1084 'Haud
653 1045 770 1084 dubie
801 1046 923 1085 minor
953 1045 1054 1085 sella
1083 1045 1252 1097 κλισμός
1279 1046 1353 1085 fuit
1381 1054 1493 1098 quam
1526 1042 1629 1097 θρό-

138 1122 230 1158 νος,
273 1109 347 1150 sed
377 1123 647 1165 nonnunquam
676 1116 783 1153 tanta
812 1115 921 1163 erat,
968 1116 1010 1154 ut
1041 1114 1079 1154 ei
1107 1124 1232 1167 aeque
1263 1125 1309 1153 ac
1339 1113 1440 1153 solio
1470 1114 1632 1165 θρῆνυς

139 1177 398 1218 adhiberetur
438 1178 539 1231 [Οὐ.
581 1179 652 1230 lv,
697 1180 821 1233 136J:
883 1179 993 1234 Quod
1032 1181 1080 1220 ad
1122 1184 1296 1220 ornatum
1340 1181 1506 1231 attinet,
1554 1190 1630 1218 non

139 1245 260 1286 multo
310 1247 493 1287 minorem
543 1248 769 1288 industriam
806 1248 1061 1288 desiderabat
1097 1245 1269 1299 κλισμός
1308 1260 1421 1301 quum
1462 1242 1631 1298 θρόνος,

142 1320 266 1366 quare
296 1313 472 1353 Deorum
502 1314 671 1366 κλισμοί
696 1316 936 1354 nominantur
963 1312 1131 1368 χρύσεοι
1153 1313 1220 1367 (ΙΙ.
1241 1314 1351 1365 vm,
1383 1314 1502 1366 430),
1533 1323 1632 1366 quos

140 1392 239 1422 vero
277 1381 455 1422 homines
485 1382 644 1429 {habent
672 1382 860 1434 epithetis
889 1381 1071 1430 ποικίλος
1100 1380 1200 1434 [od.
1232 1382 1263 1434 l,
1299 1377 1401 1437 132)
1433 1384 1476 1423 et
1502 1383 1632 1422 πολυ-

140 1447 339 1497 δαίδαλος
366 1449 436 1502 (ΙΙ.
458 1449 610 1502 XXlV,
640 1450 746 1504 597}
775 1450 1029 1491 illustrantur.
1091 1450 1145 1491 Ut
1174 1461 1246 1501 par
1276 1452 1342 1490 est
1372 1450 1487 1490 etlam
1517 1451 1633 1490 κλισ-

138 1514 242 1567 μός,
292 1519 357 1569 qui
399 1519 712 1559 commoditatem
752 1519 918 1558 maxime
946 1521 1104 1569 spectat
1133 1517 1325 1568 stragulis
1355 1520 1633 1570 supersterne-

140 1585 280 1636 hatur,
329 1598 415 1625 nam
454 1586 570 1625 aliter
607 1586 906 1637 intelligendum
937 1598 1012 1625 non
1043 1588 1107 1625 est
1136 1587 1170 1625 si
1201 1586 1327 1636 legati
1357 1586 1412 1632 ad
1438 1584 1653 1625 Achillem·

143 1653 248 1692 missi
288 1651 357 1705 (ll.
391 1652 464 1704 lx,
494 1655 602 1705 2110)
643 1654 847 1693 considunt
886 1653 927 1693 ἐν
964 1655 1170 1704 κλισμοῖσι
1205 1650 1365 1704 τάπησί
1399 1666 1441 1692 τε
1471 1666 1635 1705 πορφυ-
1700 1648 1704 1651 ’

142 1717 306 1773 plorum.

284 1788 373 1828 Non
413 1800 593 1838 magnam
636 1788 893 1828 differentiam
922 1789 1142 1828 invenimus
1173 1787 1278 1827 inter
1309 1787 1434 1826 verba
1465 1782 1638 1836 κλισμός

143 1857 185 1894 et
223 1854 372 1907 κλισίη.
446 1854 725 1895 Telemachum
765 1858 805 1895 et
843 1856 1095 1896 Pisistratum
1124 1854 1253 1894 Ulixis
1284 1854 1458 1894 reditum·
1483 1853 1638 1906 quaesi·

145 1926 256 1963 turos
298 1923 449 1963 Helena
487 1926 661 1964 amanter
699 1924 850 1975 excipit
889 1927 930 1964 et
969 1936 1044 1977 quo
1086 1924 1230 1964 diutius
1261 1935 1392 1962 eorum
1425 1933 1637 1961 conversa-

145 1992 252 2031 tione
285 1992 337 2030 uti
370 1992 501 2042 possit
529 1992 579 2031 ab
610 1991 752 2032 ancilla
782 1993 817 2032 ei
850 1992 952 2031 sella
983 1992 1205 2044 apponitur.
1277 1990 1387 2044 Quae
1419 2001 1501 2029 cum
1533 1990 1640 2040 prio-

145 2059 256 2098 ribus
299 2060 483 2099 versibus
526 2058 624 2111 (od.
657 2059 727 2109 lV‚
763 2059 864 2111 123)
902 2059 1035 2110 κλισίη
1076 2060 1316 2108 nominetur,
1366 2057 1485 2097 nihilo
1516 2058 1639 2096 niiuue

147 2127 184 2165 in
212 2127 472 2178 sequentibus
502 2126 563 2177 (v.
590 2127 693 2179 136)
727 2127 776 2165 de
808 2125 962 2165 Helena
993 2126 1134 2165 dicitur
1151 2123 1290 2172 „Quo
1312 2121 1349 2162 δ’
1374 2123 1416 2163 ἐν
1437 2124 1639 2177 ιιλιιηιιιῖι,“ἷι

146 2194 280 2246 itaque
323 2192 398 2232 hoc
436 2192 525 2233 loco
563 2193 698 2245 κλισίη
738 2194 839 2234 idem
880 2194 989 2233 valet
1028 2197 1147 2245 atque
1188 2187 1381 2242 κλισμός,
1431 2191 1505 2229 nisi
1537 2191 1641 2230 sorte

146 2261 377 2300 arbitramur
408 2260 604 2300 Helenam
634 2261 711 2300 alia
742 2262 778 2300 in
810 2261 912 2300 sella
943 2261 1191 2310 consedisse,
1221 2272 1333 2312 quam
1364 2260 1401 2298 in
1434 2268 1496 2309 ea,
1527 2270 1638 2311 quam

146 2329 221 2369 sibi
263 2328 391 2369 afferri
426 2329 562 2380 jussit.
632 2328 740 2368 Raro
779 2327 912 2380 κλισίη
955 2330 1273 2368 commemoratur
1313 2339 1336 2366 a
1372 2328 1493 2378 poeta
1523 2327 1640 2378 atque
1722 2367 1727 2368 ι

148 2396 224 2436 hoc
260 2397 349 2436 loco
391 2400 567 2448 excepto
605 2397 729 2436 semel
769 2398 916 2436 tantum
955 2395 1051 2449 (011.
1081 2394 1195 2446 xlx,
1224 2394 1297 2445 55)
1328 2395 1466 2444 extat,
1507 2398 1640 2446 equare

148 2476 233 2505 cum
271 2467 483 2518 praetcrea
514 2468 715 2518 utrumque
751 2466 910 2506 verbum
941 2477 964 2504 a
995 2465 1122 2505 verbo
1151 2462 1298 2504 κλίνειν
1329 2462 1546 2502 deri-vatum
1578 2462 1642 2503 sit,

148 2535 273 2572 rarius
306 2534 529 2586 usurpatam
560 2534 723 2572 formam
753 2546 824 2584 pro
858 2533 980 2572 verbo
1011 2528 1182 2582 κλισμός
1214 2531 1375 2570 verbum
1397 2529 1530 2581 κλισίη
1550 2541 1642 2570 esse

148 2602 357 2652 existimo,
404 2601 508 2654 quod
549 2602 582 2640 si
620 2603 729 2641 recte
757 2605 858 2641 §sese
888 2600 1010 2640 habet
1037 2600 1282 2653 promiscuus
1311 2610 1404 2638 usus
1435 2597 1642 2637 verborum

148 2667 283 2720 κλισίη
312 2671 354 2708 et
381 2664 556 2720 κλισμός
586 2668 686 2721 (Od.
716 2668 786 2720 IV,
822 2668 913 2709 123.
951 2667 1052 2721 136}
1082 2666 1176 2706 nihil
1207 2665 1434 2706 offensionis
1463 2664 1642 2716 praebet.
