1730 2830
705 61 959 103 ...6-

86 173 177 214 mihi
216 173 348 226 placet
380 175 544 227 θρῆνυν
574 175 759 217 nominari
791 188 915 228 posse
946 173 1122 231 σφέλας,
1161 178 1264 231 quod
1291 189 1318 218 a
1345 177 1478 230 procis
1502 187 1576 231 pro

82 240 349 293 jaculamento
376 240 444 281 ille
473 245 682 295 usurpatus
712 243 787 294 sit,
829 254 906 297 qno
935 245 1024 297 quis
1044 243 1225 297 labefiat,
1264 245 1341 286 etsi
1371 243 1490 298 liujus
1517 245 1574 286 rei

86 311 358 359 argumentum
398 309 556 350 videtur
587 322 701 361 esse,
748 311 784 350 si
815 311 866 350 de
894 311 1053 362 effectu,
1102 323 1217 365 quem
1246 313 1389 353 minans
1416 312 1577 366 θρῆνυς

86 377 208 416 habet
237 379 360 428 poeta
392 378 516 418 verba
544 379 640 417 tacit
669 377 744 418 Od.
775 377 908 429 xvii,
939 379 1046 419 468:

385 441 471 484 οὐδ’
506 440 589 497 ἄρα
617 457 688 496 μιν
719 446 877 497 σφῆλεν
905 442 1027 496 βέλος
1049 442 1286 486 Ἀντινόοιο·

229 510 473 550 Sententiam
539 511 743 551 admodum
802 512 1048 563 probabilem
1096 511 1261 563 protulit
1292 512 1577 559 lButtmannus

85 578 238 625 (Lexil.
269 576 319 628 11,
354 579 469 631 163),
497 580 560 631 qui
588 579 649 618 vir
680 580 928 620 doctissimus
959 578 1120 619 verbum
1150 575 1428 632 προσφάλλειν
1457 579 1579 620 inter·

88 648 267 697 pretatus
300 648 364 685 est
395 646 520 687 verbo
552 645 887 700 προπηλακίζειν,
936 646 1112 687 Latinum
1143 646 1455 699 „proculcare,“
1501 658 1577 688 no·

86 716 207 752 strum
247 714 344 764 „mit
383 715 535 754 Fussen
588 716 759 754 trel-en.“
834 713 1049 755 Praeterea
1088 714 1305 766 diligenter
1341 715 1579 756 observavit

83 781 365 829 Buttmannus,
417 795 495 835 quo
544 784 657 822 modo
697 782 858 821 verbum
898 780 1053 834 σφέλας
1087 781 1370 835 (ΣΒΈΛΛΣ)
1409 782 1499 823 aliis
1539 784 1577 823 in

85 847 233 899 linguis
265 851 447 888 mutatum
486 850 551 890 sit.
621 849 671 888 Et
708 849 745 888 in
785 851 918 888 nostra
957 849 1111 901 quidem
1150 848 1288 899 lingua
1328 849 1376 889 ad
1414 849 1577 890 verbum

84 914 241 968 σφέλας
280 917 527 956 referendum
565 919 628 956 est
666 915 827 954 verbum
858 915 1119 966 ‚,Scbwelle“
1150 917 1187 956 in
1218 915 1359 955 Latino
1399 911 1578 958 sermone

83 984 327 1036 respondent
365 984 401 1023 ei
436 984 561 1024 verba
590 983 785 1035 ‚‚solium“
815 985 858 1023 et
885 983 1053 1034 „solea“
1083 983 1148 1023 ubi
1178 984 1324 1024 mutata
1354 984 1417 1023 est
1445 983 1578 1025 littera

85 1065 113 1090 v
142 1053 179 1091 in
210 1066 246 1092 ο.
309 1053 445 1092 Verba
475 1053 613 1103 igitur,
643 1066 745 1104 quae
776 1053 956 1104 ejusdem
988 1051 1126 1102 stirpis
1156 1053 1248 1091 sunt
1273 1052 1392 1103 atque
1422 1049 1579 1105 σφέλας

82 1131 319 1160 communem
359 1120 565 1159 admittunt
606 1119 995 1171 interpretatIonem,
1044 1118 1216 1159 indicant
1252 1116 1420 1170 aliquid,
1473 1119 1576 1173 quod

83 1188 253 1238 pedibus
303 1188 378 1227 teri
428 1187 545 1226 solet!
626 1187 763 1239 ltaque
804 1186 936 1226 borum
978 1187 1191 1227 verborum
1230 1186 1417 1238 analogia
1458 1187 1576 1228 docet

83 1266 241 1294 sensum
274 1255 386 1294 verbi
419 1252 575 1307 σφέλας
602 1254 743 1294 nullum
773 1253 888 1293 alium
921 1266 1015 1294 esse
1047 1266 1159 1306 quam
1192 1255 1306 1296 verbi
1333 1250 1574 1300 ὑποπόδιον,

82 1323 185 1374 quod
224 1335 247 1362 a
287 1321 581 1373 posterioribus
609 1334 690 1372 ‘pro
731 1321 938 1361 Homerico
980 1321 1102 1361 verbo
1139 1323 1301 1375 θρῆνυς
1340 1322 1572 1374 ponebatur.

81 1390 281 1431 Heroicae
312 1390 456 1431 aetatis
488 1388 673 1441 opifices,
705 1390 769 1442 qui
800 1388 988 1431 scabellis
1020 1391 1311 1430 exstruxerunt
1340 1389 1441 1431 solia
1469 1389 1574 1430 baud

81 1458 200 1498 dubie
230 1459 348 1498 etiarn
379 1457 640 1499 reclinatoriis
671 1459 712 1496 et
741 1457 955 1498 anconibus
986 1457 1054 1497 illa
1085 1460 1406 1509 exornaverunt,
1448 1458 1502 1499 ita
1532 1460 1575 1498 ut

81 1537 182 1579 quae
211 1526 407 1566 Homerus
438 1525 650 1576 descripsit
681 1525 781 1565 solia
810 1524 1001 1565 simillima
1026 1526 1161 1565 essent
1189 1526 1262 1576 ils,
1302 1537 1402 1579 quae
1431 1528 1574 1578 postea

81 1594 388 1634 fabricabantur.

220 1660 340 1702 Varia
370 1661 460 1701 sunt
488 1659 791 1712 peristromata,
832 1671 934 1713 quae
965 1654 1109 1714 θρόνῳ
1140 1658 1247 1710 injici
1279 1659 1433 1712 solent,
1472 1660 1572 1701 sicut

79 1729 278 1780 Euryclea
306 1730 398 1769 ante
428 1727 565 1768 oculos
595 1727 751 1778 ponitur
781 1726 856 1767 Od.
888 1725 1022 1777 XVII,
1051 1726 1129 1767 32:

322 1795 429 1836 κώεα
458 1796 724 1848 καστορνῦσα
755 1794 926 1849 θρόνοις
956 1791 1014 1835 ἔνι
1046 1791 1336 1834 δαιδαλέοισιν·

77 1860 184 1903 κώεα
213 1875 312 1903 vero
342 1865 431 1903 sunt
460 1863 591 1916 pelles
620 1862 779 1910 molles,
809 1874 909 1915 quae
942 1861 1171 1914 plerumque
1202 1861 1354 1903 ovillae
1387 1862 1571 1903 videntur

78 1932 217 1972 fuisse.
278 1931 412 1983 Saepe
433 1930 600 1971 eundem
623 1930 661 1969 in
680 1942 790 1968 usum
811 1929 1101 1970 abhibebantur
1120 1926 1311 1980 τάπητες,
1344 1940 1421 1982 quo
1443 1930 1569 1970 verbo

78 1997 259 2048 stragula
290 1998 518 2038 indicantur.
579 1996 692 2036 Haud
724 1996 924 2037 dissimilis
954 1997 1025 2037 suit
1044 1998 1207 2047 χλαῖνα,
1239 1996 1453 2049 quadratus
1472 2009 1570 2048 pan-

77 2078 175 2115 nus,
218 2066 283 2117 qui
315 2078 391 2105 non
420 2065 545 2105 solum
577 2064 856 2104 usitatissimus
886 2064 1124 2105 Graecorum
1155 2065 1319 2107 amictus
1349 2067 1458 2115 erat,
1496 2065 1569 2105 sed

76 2133 193 2172 etiam
229 2144 355 2185 saepe
394 2145 514 2184 supra
553 2132 689 2172 solium
730 2131 1031 2187 expandebatur
1061 2131 1155 2185 (οᾱ.
1190 2131 1333 2184 xvu,
1370 2133 1440 2173 86.
1471 2133 1567 2174 476.

75 2198 169 2251 XX,
199 2200 321 2254 7249).
381 2201 554 2242 Textum
584 2201 736 2241 laneum
767 2199 840 2240 suit
866 2201 1038 2251 χλαῖνα,
1079 2200 1184 2253 quod
1214 2212 1268 2241 ex
1298 2200 1384 2252 ipso
1414 2200 1566 2241 nomine

73 2268 336 2319 intelligitur,
381 2281 466 2308 nam
503 2269 653 2319 χλαῖνα
689 2267 783 2307 nihil
823 2267 929 2307 aliud
968 2270 1033 2308 est
1061 2278 1174 2320 quam
1199 2267 1311 2319 lana,
1358 2270 1567 2321 praeterea
1614 2280 1625 2284 ”

72 2338 391 2377 commemoratur
420 2335 484 2385 (ll.
516 2335 570 2388 X,
604 2335 718 2388 ¹34).
776 2335 963 2376 Nestoris
992 2335 1150 2388 pallium
1181 2335 1383 2377 admodum
1411 2334 1565 2376 laneum

72 2405 227 2453 fuisse„
254 2404 343 2443 Non
373 2405 472 2443 satis
502 2408 612 2444 certe
642 2404 798 2457 exquiri
828 2405 979 2456 potest,
1011 2404 1205 2457 quomodo
1230 2405 1397 2454 χλαῖναι
1417 2405 1459 2443 et
1485 2402 1564 2443 τά-

71 2484 197 2523 πητες
244 2471 346 2511 inter
395 2482 488 2511 sese
528 2470 728 2523 differant,
787 2483 872 2511 nam
914 2471 990 2512 etsi
1032 2467 1212 2523 τάπητες
1248 2470 1352 2512 lanei
1391 2472 1481 2512 sunt
1521 2473 1565 2513 et

71 2539 209 2578 eodem
242 2538 417 2591 epitheto
449 2532 571 2585 οὖλος
603 2538 703 2591 (od.
736 2539 814 2590 1V,
853 2538 962 2592 299)
994 2550 1070 2591 quo
1102 2540 1218 2583 etiarn
1249 2540 1415 2589 χλαῖναι
1444 2542 1563 2581 utu·—

69 2609 146 2657 tur,
176 2606 433 2657 illustrantur,
464 2605 720 2658 disjungendi
751 2609 879 2648 tamen
908 2606 1097 2647 videntur
1126 2602 1304 2658 τάπητες
1322 2608 1364 2647 et
1381 2608 1562 2660 χλαῖναι,

73 2674 163 2725 quin
199 2673 302 2713 baud
340 2685 431 2714 raro
462 2676 595 2713 narrat
625 2674 820 2714 Homerus
848 2674 995 2726 hospiti
1027 2675 1231 2727 utriusque
1260 2674 1432 2724 stragan
1462 2686 1562 2715 eun-
