1730 2830
723 80 1001 124 -21-

118 195 237 247 Eam,
282 205 396 249 quam
429 193 637 245 Penelope
673 192 794 234 habet
828 189 986 246 κλισίην
1022 193 1112 234 sive
1150 191 1322 243 κλισμόν
1348 192 1492 233 eximia
1517 194 1603 234 σὺ

119 264 205 305 arte
234 262 446 304 fohrioavit
473 260 654 303 Iomalius
684 259 783 315 (Od.
795 257 912 308 XIX,
941 260 998 302 55
1016 261 1154 315 seqq.)
1185 262 1228 302 et
1246 259 1505 313 pulcherrime
1524 272 1603 302 ex·

121 332 301 382 ornavit,
352 330 457 384 quod
500 329 626 370 verba
663 329 951 370 demonstrant:
998 327 1173 382 δινωτὴν
1211 325 1401 382 ἐλέφαντι·
1429 329 1499 369 καὶ
1528 325 1603 382 ἆρ-

118 395 245 454 γῦρῳ.
300 397 375 438 His
404 407 502 438 vero
531 397 667 438 verbis
697 409 773 438 non
804 397 1034 448 exprimitur
1064 397 1183 436 totam
1214 395 1352 436 sellam
1371 398 1603 448 argenteam

119 467 239 520 atque
279 466 487 506 eburneum
525 465 677 516 fuisse,
728 465 798 506 sed
841 465 961 505 variis
991 466 1137 505 tantum
1166 463 1263 505 locis
1293 466 1522 506 ornamenta
1550 476 1603 514 ex

119 534 288 584 argento
329 534 370 574 et
410 531 532 573 ebore
572 533 675 572 faeta
712 533 828 574 insita
869 535 1003 584 erant,
1052 532 1154 571 siout
1182 530 1328 585 θρόνοι
1357 528 1603 585 ἇργνρόηλοι

118 601 279 653 saepius
308 600 569 641 inveniuntur.

256 668 390 708 Pauca
426 667 590 707 dicenda
623 667 804 708 videntur
833 668 882 707 de
913 667 1036 707 verbo
1064 661 1256 719 κλιντῆρ,
1306 667 1408 719 quod
1439 666 1603 717 legitur,

119 736 183 776 ubi
221 734 407 776 Minerva
446 734 673 787 Penelopae
723 747 894 775 somnum
945 734 1061 775 affert
1108 732 1184 773 Od.
1222 733 1374 785 XVlll,
1408 735 1491 776 189
1519 746 1604 788 seq.

119 803 245 844 Poeta
285 804 335 844 de
365 803 471 844 lecto
500 802 656 843 locutus
687 815 780 843 esse
808 816 885 843 non
914 803 1094 849 videtur,
1146 802 1223 841 etsi
1254 802 1350 842 illud
1379 803 1534 856 quidem
1563 805 1603 842 in

119 882 291 912 errorem
331 871 529 913 adducere
569 883 641 911 nos
679 872 835 924 potest,
885 870 988 923 quod
1020 869 1153 910 Ulixis
1192 881 1293 909 uxor
1322 871 1446 923 quieti
1472 871 1525 916 ibi
1556 883 1603 911 se

121 938 309 990 tradidit,
348 942 388 979 at
416 939 624 990 Penelope
656 939 862 990 inopinam
891 950 1024 977 somno
1054 949 1249 990 oppressa
1279 941 1345 978 est
1373 950 1499 991 neque
1530 949 1601 990 po-

118 1007 246 1046 testas
284 1006 322 1045 ei
362 1006 436 1061 fuit
474 1007 511 1046 in
550 1006 692 1046 lectum
730 1018 825 1046 sese
856 1005 1095 1045 conferendi.
1149 1006 1235 1046 Jam
1264 1018 1346 1046 cum
1377 1006 1603 1046 coneeden-

118 1073 205 1113 dum
244 1085 320 1112 non
359 1074 435 1125 sit,
484 1073 716 1124 Penelopen
734 1074 865 1125 <cujus
894 1085 1037 1123 magna
1066 1073 1257 1113 industria
1286 1084 1486 1126 persaepe
1515 1073 1600 1113 lau-

120 1139 257 1185 datur,
313 1140 452 1181 sellam
494 1141 755 1181 dormitoriam
797 1151 1032 1193 usurpasse,
1089 1140 1249 1181 videtur
1287 1140 1355 1181 illo
1394 1142 1432 1180 in
1472 1140 1604 1193 sedili,

117 1207 182 1246 uhi
201 1235 205 1239 -
223 1206 407 1247 laborare
445 1208 602 1248 solebat
637 1220 772 1248 somno
808 1209 923 1259 capta
953 1219 1070 1258 esse,
1111 1207 1215 1260 quod
1243 1208 1276 1246 si
1306 1208 1603 1260 comprobamus

118 1275 280 1316 verhum
318 1271 486 1328 κλιντῆρ
522 1275 625 1316 idem
656 1275 853 1327 signifieat
882 1277 1001 1327 atque
1029 1275 1155 1315 verba
1182 1271 1354 1327 κλισμός
1383 1278 1425 1316 et
1452 1274 1602 1328 κλισίη.

115 1341 256 1394 Neque
298 1341 349 1380 de
386 1342 501 1383 lectis
541 1343 776 1383 dormitoriis
804 1340 890 1382 'dici
920 1341 1009 1381 mihi
1042 1342 1196 1382 videtur
1223 1343 1327 1395 apud
1356 1344 1603 1395 posteriores

115 1409 336 1460 scriptores
374 1408 576 1462 (Theoer.
607 1410 657 1463 ll,
687 1412 755 1452 86.
808 1410 901 1452 Luc.
942 1407 1073 1450 Conv.
1103 1413 1170 1452 44.
1217 1409 1416 1451 Aneedot.
1457 1410 1602 1454 Graec.

114 1475 285 1517 Bekkeri
313 1477 411 1527 272.
447 1478 534 1532 19.)
575 1479 734 1519 verbum
771 1473 962 1530 κλιντήρ,
1015 1488 1135 1530 quare
1175 1480 1286 1519 recte
1326 1478 1551 1530 explicatur
1579 1493 1604 1521 a

114 1544 379 1595 grammaticis
409 1543 477 1597 (E.
508 1545 563 1585 M.
593 1546 692 1597 690,
721 1541 878 1601 60):·‹‘›
907 1541 1087 1598 θρόνος,
1118 1542 1139 1585 ὃ
1170 1542 1272 1597 ἔχων
1301 1546 1603 1603 πρόςκλιντρον.

252 1610 379 1652 Vilior
408 1612 511 1652 sella
537 1624 648 1665 quam
677 1608 848 1664 κλισμός
877 1623 968 1652 esse
995 1612 1262 1667 εοΙοίδίφρος,
1296 1616 1337 1654 ut
1358 1614 1454 1656 dicit
1473 1615 1602 1657 Athe-

111 1691 234 1719 naeus
286 1680 324 1719 in
371 1681 659 1730 comparatione
707 1680 1002 1720 Homerieorum
1050 1679 1230 1719 sedilium
1284 1680 1455 1732 (Athen.
1486 1683 1535 1734 V,
1563 1694 1601 1735 p.

115 1746 195 1788 192
214 1744 288 1800 f·):
339 1742 498 1787 τούτων
538 1744 573 1786 δ’
619 1744 898 1800 εὐτελέστερος
933 1739 983 1797 ’ἦν
1023 1743 1045 1786 ὃ
1083 1745 1242 1801 δίφρος.
1322 1749 1524 1803 Persaepe
1562 1753 1604 1791 et

114 1816 264 1865 partem
303 1825 440 1854 currus
479 1818 521 1854 et
558 1827 709 1855 currum
749 1816 875 1865 ipsum
915 1815 1078 1854 verbum
1106 1813 1253 1868 δίφρος
1281 1816 1448 1868 indicat,
1502 1818 1603 1857 sicut

114 1879 161 1920 ll.
190 1880 242 1932 V,
271 1881 356 1922 ’727
375 1893 485 1934 seq-z

337 1948 483 2004 δίφρος
513 1941 557 1989 δὲ
581 1945 790 2002 χρυσέοισι
819 1947 886 1988 καὶ
916 1945 1171 2002 ἀργυρέοισιν
1202 1946 1343 1999 ἱμᾶσιν

337 2014 568 2057 ἐντέταται·

109 2086 151 2124 et
179 2083 221 2124 ll.
245 2083 297 2135 X,
327 2084 433 2126 205:
463 2079 586 2124 δώσω
615 2082 694 2136 γὰρ
724 2081 872 2136 δίφρον
903 2097 961 2131 τε,
992 2081 1078 2124 δύω
1108 2081 1139 2123 τ’
1176 2081 1412 2137 ἐριαύχενας
1436 2085 1602 2133 ἵππους.

230 2145 469 2192 'Contracta
507 2153 572 2190 est
611 2151 734 2189 forma
775 2148 921 2203 δίφρος
957 2163 1030 2202 pro
1061 2149 1254 2204 δίφορος,
1301 2153 1407 2205 quod
1438 2154 1599 2193 verbum

109 2220 365 2269 compositum
396 2220 460 2259 est
489 2230 511 2257 e
546 2218 680 2259 verbis
711 2212 785 2256 δύο
817 2218 860 2257 et
890 2214 1047 2271 φέρειν,
1087 2219 1129 2258 ut
1160 2219 1338 2270 explicat
1367 2220 1599 2261 Eustatlrius

106 2285 156 2325 ad
186 2284 235 2326 ll.
265 2284 334 2335 ΙΙΙ,
364 2286 444 2326 261
487 2287 530 2325 et
557 2285 675 2337 plane
706 2285 754 2324 ab
785 2285 852 2325 illo
884 2287 1069 2327 exi-timo
1099 2287 1275 2327 sublatas
1307 2300 1399 2328 esse
1431 2288 1596 2330 difficul—

108 2353 233 2404 tates,
286 2364 385 2406 quae
423 2350 505 2392 fieri
538 2353 721 2393 videntur
751 2353 866 2393 verbi
896 2349 971 2394 δύο
1002 2357 1149 2395 mutata
1178 2355 1296 2396 litera
1323 2369 1348 2395 v
1381 2356 1419 2396 in
1450 2373 1463 2396 ι
1494 2368 1596 2396 com·

112 2420 319 2471 paratione
349 2420 526 2460 similium
558 2421 768 2460 verborum
795 2422 983 2462 instituta.
1043 2423 1128 2462 Jam
1146 2436 1284 2464 currus
1304 2423 1354 2463 ob
1378 2435 1461 2463 eam
1484 2435 1597 2463 caus·

104 2499 186 2527 sam
215 2486 364 2541 δίφρος
387 2489 476 2530 sivae
507 2487 679 2542 δίφορος
707 2489 925 2530 nominatus
956 2493 1040 2540 est,
1084 2492 1188 2545 quod
1218 2493 1319 2533 duos
1348 2492 1460 2533 viros
1490 2493 1597 2533 ferre

105 2554 262 2594 solebat
300 2558 342 2595 et
382 2569 489 2607 eum,
540 2557 604 2608 qui
635 2556 808 2606 regebat
836 2569 959 2610 equos
990 2560 1132 2612 quique
1167 2563 1331 2601 vocatur
1362 2556 1524 2613 ἡνίοχος
1554 2565 1596 2601 et

103 2623 390 2674 pugnatorem,
437 2624 502 2677 qui
541 2619 802 2677 παραιβάτης
842 2625 995 2666 dieitur.
1067 2627 1202 2682 Atque
1232 2628 1347 2669 etiam
1378 2628 1415 2668 in
1445 2628 1596 2670 senam,

104 2689 163 2729 eui
192 2700 333 2730 nomen
364 2694 427 2731 est
456 2690 604 2744 δίφρος
633 2691 776 2732 eadere
809 2694 990 2734 videntur
1020 2694 1220 2736 Eustatlrii
1251 2695 1399 2748 verba,
1441 2697 1600 2736 forman
