1730 2830
743 82 994 123 ..8-

117 194 393 244 ignoraverit,
442 205 528 233 curu
577 192 737 234 aliarum
777 204 903 234 rerum
945 195 1132 247 majorem
1177 207 1290 249 quam
1331 195 1612 247 exspectamus

121 263 254 304 luxum
294 263 337 304 et
367 260 680 303 commoditatem
711 261 1072 304 animadvertimus.
1132 262 1263 320 Quare
1292 263 1357 318 qui
1386 264 1613 317 repugnant

120 332 347 372 sententiae
378 332 428 371 ab
458 330 669 371 Eustatbio
699 331 881 382 prolatae
911 326 1037 384 ῥήγεα
1066 345 1220 385 pannos
1238 345 1344 384 esse,
1374 329 1613 374 contendunt

119 399 214 440 illud
257 399 425 440 verbum
465 397 691 450 significare
730 398 941 451 pulvinos,
994 412 1091 453 quos
1132 399 1278 441 frustra
1317 400 1355 441 ln
1394 399 1612 441 Homericis

119 469 314 521 poematis
353 469 590 520 quaerimus.
669 465 777 521 Quae
818 467 949 518 opinio
990 467 1039 506 oh
1080 479 1163 507 eam
1203 479 1380 508 caussam
1420 467 1611 508 difficilius

120 538 183 576 est
219 534 452 584 refutanda,
501 533 607 586 quod
648 533 722 572 nisi
759 533 797 572 in
827 533 988 573 Homeri
1025 535 1257 576 carminibus
1296 536 1459 576 verbum
1487 533 1613 590 ρἥος

116 614 308 656 nusquam
339 601 571 652 invenimus,
602 613 730 654 neque
758 612 806 640 ea
837 601 984 653 verba,
1016 614 1117 656 quae
1147 599 1322 655 ejusdem
1354 603 1490 655 stirpis
1520 604 1613 643 sunt

122 674 241 724 atque
274 670 435 710 verbum
467 666 592 722 ρῆγος
622 681 745 721 saepe
775 669 1022 721 adhibentur,
1052 672 1094 710 ut
1123 671 1225 724 apud
1249 684 1361 712 unum
1383 670 1613 712 Anacreon-

119 741 197 780 tem
228 738 352 779 semel
382 730 530 778 tanturn
561 737 712 790 legitur
741 738 904 778 verbum
935 734 1151 793 ῥέγος.(Ε.
1176 738 1234 780 Μ.
1264 739 1359 793 703,
1389 739 1466 794 28)
1496 739 1612 780 item-

122 820 198 861 que
239 807 401 848 verbum
434 803 565 860 ρἐμα
604 807 706 858 apud
740 805 897 857 lbycum
928 805 991 857 (E.
1023 805 1080 846 M.
1111 808 1218 858 ⁸703,
1264 808 1352 858 32).
1410 807 1539 848 Recte
1575 807 1612 846 in

121 875 182 916 his
221 875 357 916 verbis
387 874 632 915 librariorum
663 874 895 915 varietatem
925 872 1143 926 scripturae
1172 876 1326 916 notavit
1355 874 1536 927 Heynius
1564 875 1612 915 ad

121 943 163 983 11.
194 942 266 995 IX,
297 943 394 984 657.
456 943 514 982 At
543 942 739 982 sufficiunt
761 943 844 994 jam
876 954 946 992 ea,
990 953 1090 995 qnae
1120 942 1158 981 in
1188 942 1409 983 Homericis
1437 942 1611 984 carmini-

119 1013 195 1052 bus
225 1013 273 1052 ad
305 1011 469 1051 verbum
500 1007 627 1064 ῥῖγος
657 1010 877 1062 pertinent,
910 1012 951 1050 ut
981 1003 1132 1061 negare
1162 1011 1358 1062 possimus
1388 1010 1456 1051 illo
1486 1010 1612 1051 verbo

119 1081 304 1134 pulvinos
334 1079 507 1129 indicari,
539 1091 622 1118 narn
651 1077 724 1119 Od.
756 1076 825 1129 VJ,
853 1077 910 1118 38
940 1073 1065 1131 ῥήγεα
1095 1075 1338 1131 σιγαλόεντα
1367 1091 1390 1119 a
1418 1078 1613 1120 Nausicaa

122 1148 171 1188 iis
211 1147 406 1187 adduntur
448 1146 720 1197 vestimentis,
776 1156 876 1198 quae
916 1145 964 1184 ad
1003 1145 1238 1185 lavationem
1263 1145 1478 1187 vehuntur.
1528 1146 1612 1186 Jam

122 1219 339 1269 praeterea
377 1214 428 1253 ob
468 1213 628 1252 Homeri
669 1216 852 1254 accurate
892 1213 1089 1252 scribendi
1130 1214 1317 1253 rationem
1360 1214 1497 1265 colligi
1540 1215 1612 1255 vix

119 1285 260 1336 potest
298 1284 456 1335 poetam
499 1281 753 1322 differentiam
795 1283 938 1334 quanta
966 1283 1028 1322 est
1052 1281 1299 1334 pulvinorum
1331 1285 1372 1323 et
1402 1281 1612 1334 stragulo-

120 1364 201 1392 rum
232 1353 381 1391 temere
410 1349 672 1400 neglexisse,
712 1350 766 1389 ita
796 1351 839 1389 ut
867 1349 1056 1400 legentes
1086 1348 1189 1389 nullo
1220 1350 1333 1390 modo
1363 1350 1610 1391 animadver-

119 1423 206 1461 tere
247 1419 406 1472 possint
446 1419 573 1459 verbo
616 1415 741 1472 ῥῆγος
778 1417 883 1458 aliud
920 1417 1010 1471 quid
1044 1418 1118 1458 dici
1149 1420 1267 1472 atque
1299 1420 1436 1460 verbis
1463 1421 1613 1471 χλαῖνα

121 1491 160 1528 et
191 1483 339 1539 τάπης,
373 1498 495 1540 quare
526 1486 632 1524 nullo
663 1485 777 1525 modo
807 1485 989 1536 fallimur,
1020 1487 1053 1524 si
1088 1497 1295 1526 censemus
1315 1484 1441 1541 ρῆγος
1459 1499 1613 1540 quoque

120 1555 341 1606 stragulum
382 1555 569 1594 indicare.
629 1553 714 1593 Jam
751 1555 961 1607 postquam
1001 1554 1240 1606 explicatum
1281 1557 1363 1605 est,
1412 1555 1553 1608 quibus
1591 1567 1613 1595 e

121 1624 272 1664 caussis
302 1617 430 1676 ῥήγεα
460 1621 510 1661 de
541 1620 669 1661 textis
699 1620 962 1672 intelligenda
991 1622 1083 1673 sint,
1113 1623 1241 1662 restat
1270 1623 1313 1662 ut
1343 1621 1613 1675 etymologias

120 1691 437 1744 perstringamus
468 1690 609 1742 quihus
640 1701 777 1729 nomen
809 1687 934 1743 ρἧος
952 1691 1001 1729 ab
1024 1689 1230 1729 Eustathio
1250 1689 1443 1731 definitur.
1505 1691 1611 1746 Qua-

119 1772 199 1801 rum
238 1759 272 1799 si
315 1758 487 1811 priorem
528 1757 674 1797 rectam
713 1755 920 1808 habemus,
970 1769 1108 1798 nomen
1150 1758 1308 1798 exstitit
1337 1757 1387 1798 ob
1419 1755 1613 1814 ῥήγματα

117 1831 201 1869 τῶν
231 1828 437 1880 κροσσῶν,
470 1826 509 1865 id
545 1827 607 1865 est
638 1826 688 1865 ob
720 1825 965 1864 flocculorum
997 1826 1193 1867 laneorum
1218 1826 1381 1868 fissuras
1405 1829 1447 1868 et
1469 1839 1613 1868 sensus

119 1896 234 1939 verbi
269 1891 396 1950 ρῆγος
435 1895 619 1946 congruit
649 1905 732 1934 cum
763 1893 965 1946 adjectivo
998 1886 1130 1942 οὖλος.
1192 1894 1309 1952 Quod
1335 1895 1489 1950 quidem
1521 1895 1613 1949 pla·
1663 1928 1670 1934 .

119 1966 198 2006 cuit
226 1962 431 2003 Nitzschio
472 1964 519 2002 ad
551 1963 626 2003 od.
652 1962 734 2014 ΙΙΙ,
774 1963 881 2013 349,
919 1966 960 2001 at
1001 1964 1034 2001 si
1075 1963 1151 2002 alia
1181 1965 1393 2003 recentium
1425 1964 1612 2004 doctissi-

123 2044 269 2073 morum
319 2029 491 2070 virorum
535 2030 687 2082 judicia
732 2031 924 2070 intuemur
963 2028 1147 2081 (Curtius
1187 2031 1347 2073 Griech.
1376 2031 1612 2083 Etym..No·

128 2102 206 2141 ¹54
238 2101 278 2139 et
298 2099 374 2138 No.
396 2098 504 2152 651)
537 2099 760 2150 conjunctio
792 2097 901 2137 nulla
932 2099 1046 2138 verbi
1080 2095 1208 2152 ῥῆγος
1238 2111 1321 2138 surn
1353 2100 1478 2150 stirpe
1499 2101 1613 2151 Fpay

118 2170 260 2209 extare
305 2167 461 2207 videtur
509 2170 551 2207 ct
588 2165 835 2218 probabilius
874 2164 1061 2206 habemus
1099 2166 1193 2206 illud
1237 2166 1398 2207 verbum
1439 2167 1612 2208 derivari

117 2250 140 2277 a
180 2236 316 2277 radice
355 2232 437 2290 ρεγ.
500 2234 543 2275 ld
581 2236 727 2288 optime
758 2234 926 2289 quadrat
955 2235 992 2274 in
1025 2234 1186 2275 alteram
1217 2234 1414 2275 Eustatbii
1444 2237 1611 2276 senten-

117 2305 232 2356 tiam,
278 2317 363 2344 narn
404 2305 521 2345 etiam
562 2303 668 2356 apud
711 2303 956 2355 posteriores
986 2303 1139 2344 tinctor*
1158 2304 1437 2355 appellabatur
1467 2300 1613 2356 ῥαγεύς

117 2373 222 2427 quod
260 2372 362 2413 idem
404 2374 469 2413 est
497 2374 617 2425 atque
648 2374 776 2411 rarius
817 2373 1043 2423 usurpatum
1075 2371 1239 2411 verbum
1270 2367 1439 2427 ρηγεύς,
1486 2372 1542 2411 ita
1571 2373 1613 2411 ut

117 2440 358 2481 scholiastae
406 2440 601 2481 relatione
645 2439 727 2480 ‘non
778 2439 1018 2480 offendamur
1058 2436 1179 2493 ῥῆξαι
1219 2440 1412 2493 quondam
1440 2440 1611 2492 positum

117 2520 210 2548 esse
239 2520 313 2560 pro
346 2509 470 2548 verbo
499 2508 683 2558 βάπτειν.
741 2507 914 2549 Accedit
942 2507 993 2547 ad
1016 2507 1054 2547 id
1085 2508 1185 2560 quod
1210 2509 1372 2548 vocatur
1394 2503 1520 2560 ῥῆγος
1539 2506 1611 2548 Od.

121 2576 187 2628 X,
234 2575 321 2616 353
349 2572 608 2629 πορφύρεον,
657 2576 759 2615 sicut
788 2575 1000 2615 Anacreon
1031 2577 1073 2614 et
1103 2574 1270 2626 Ibycus:
1326 2569 1610 2628 ἄλιπόρφυρον

125 2640 241 2697 ρέγος
270 2644 312 2684 ct
339 2640 502 2683 ποικίλα
532 2640 716 2697 ῥέγματα
743 2643 807 2695 (E.
836 2642 893 2683 Μ.
922 2642 1033 2691 703,
1074 2640 1278 2695 28—32)
1312 2641 1466 2692 dicunt,
1507 2640 1610 2681 unde

122 2710 291 2751 firmatur
334 2709 548 2750 coloratum
579 2709 655 2749 hoc
684 2709 904 2762 stragulum
934 2710 1060 2749 fuisse
1089 2720 1217 2763 neque
1247 2708 1389 2749 offendi
1422 2707 1610 2748 debemus
