1730 2830
120 221 204 264 fere
233 219 497 275 unusquisque
528 230 659 259 eorum
691 219 887 272 propriam
917 219 1104 259 rationem
1129 217 1331 271 sequitur,
1362 229 1438 271 qua
1466 229 1604 261 nemen

121 288 217 332 illud
248 287 435 342 explicet.
494 286 662 342 Quarum
693 286 1024 338 etymologiarum
1053 298 1234 337 magnum
1264 297 1460 326 numerum
1477 284 1607 327 attulit

124 357 354 401 Athenaeus
383 354 465 407 Xl,
496 355 600 408 477,
633 367 791 409 quarum
823 367 920 408 prae
950 355 1096 402 ceteris
1125 353 1303 407 Eumolpi
1333 343 1606 407 interpretatio

122 425 318 467 laudanda
358 425 420 464 est
449 424 498 463 de
532 435 607 476 qua
637 422 736 464 haec
766 425 855 463 sunt
886 423 1084 465 Athenaei
1116 422 1266 463 verba:
1312 419 1535 474 Εὔμολπος
1564 420 1609 463 δὲ

123 492 237 546 γένος
266 508 305 532 τι
334 490 555 544 ποτηρίου,
592 488 713 542 ἴσως,
755 491 879 544 φησί,
918 488 1003 530 κατ’
1040 487 1170 543 ἀρχὰς
1199 488 1241 529 ἐκ
1271 489 1454 530 κισσίνου
1481 505 1607 530 κατα·

124 557 353 600 σκευασθὲν
383 554 519 606 ξύλου.
578 549 674 598 Cum
712 557 928 608 agrestium
967 558 1138 598 virorum
1168 557 1366 610 proprium
1397 560 1504 596 esset
1534 569 1607 608 po-

127 627 249 673 culum
277 621 500 676 ·κισσύβιον
540 625 710 677 simplex
751 627 793 666 et
832 626 1044 665 inornatum
1085 625 1273 676 extabat,
1314 636 1415 677 quae
1454 624 1609 677 quidem

127 695 249 736 minus
278 693 456 746 perfecta
486 693 726 733 constructio
754 694 874 738 ,etiam
891 692 938 732 ad
961 705 1139 749 ansarum
1160 704 1352 732 numerum
1370 692 1609 745 pertinuisse

127 762 299 812 videtur,
331 773 414 800 nam
446 771 528 799 cum
557 759 636 800 alia
666 760 807 812 pocula
835 761 931 800 duas
962 773 1079 801 ansas
1109 760 1256 800 hahere
1285 760 1452 811 soleant,
1481 772 1609 812 pocu-

127 830 226 882 lum,
274 828 376 882 quod
416 828 632 868 nominatur
670 827 881 880 κισσύβιον
923 829 1144 882 expressim
1176 828 1358 868 docemur
1387 827 1610 877 (Philemon

128 895 366 948 ap.,Athen.
386 894 460 948 Xl,
491 897 588 948 496,
615 896 666 945 f.)
694 895 882 948 μόνωτον
911 892 1108 950 ποτήριον
1137 897 1264 936 fuisse
1292 897 1363 945 (cf.
1384 895 1610 945 Tischhein‚

121 965 243 1007 nom.
273 962 555 1014 Zeichnungen
587 963 676 1004 Vol.
707 962 805 1012 lV.).
863 962 970 1004 Satis
1005 976 1133 1016 capax
1173 963 1389 1003 habendum
1421 968 1489 1010 est
1515 962 1610 1004 illud

128 1028 354 1083 κισσύβιον,
384 1031 421 1070 in
452 1044 528 1084 quo
549 1031 691 1071 Ulixes
714 1029 882 1083 Cyclopi
902 1033 1030 1072 vinum
1046 1031 1238 1072 offerebat
1257 1030 1352 1082 (Od.
1369 1030 1446 1082 -lX,
1474 1031 1611 1083 345.)‚

115 1101 184 1141 vita
213 1101 255 1140 ut
284 1101 346 1139 ter
365 1098 557 1139 exhausto
588 1099 655 1139 illo
687 1099 752 1139 vel
785 1100 898 1150 nimia
919 1093 1108 1151 Cyclopis
1128 1101 1268 1139 natura
1290 1099 1610 1139 labefactaretur.

130 1168 251 1207 Aliud
283 1166 461 1219 eiusdem
502 1167 610 1206 vasis
652 1166 866 1217 κισσυβίου
897 1179 1035 1207 nornen
1066 1169 1129 1207 est
1159 1163 1336 1221 σκύφος,
1383 1169 1424 1206 ut
1453 1167 1609 1207 demon-

130 1238 277 1278 stratur
305 1234 525 1286 promiscuo
542 1247 613 1273 usu
637 1232 711 1273 Od.
731 1232 844 1285 XlV,
876 1232 943 1275 78.
968 1234 1057 1275 113.
1115 1234 1180 1274 De
1203 1221 1355 1285 genere
1377 1234 1493 1274 verbi
1516 1230 1612 1274 σκύ-

132 1318 211 1358 φος
245 1303 436 1343 uberrime
475 1302 629 1341 locutus
669 1303 731 1340 est
771 1300 1004 1341 Athenaeus
1043 1300 1148 1354 (ΧΙ,
1197 1303 1338 1351 498.),
1389 1302 1452 1354 qni
1493 1301 1612 1341 multa

131 1370 313 1423 exempla
341 1368 464 1415 affert,
496 1381 653 1422 quorum
685 1367 759 1407 alia
788 1369 951 1419 generis
981 1368 1195 1420 masculini,
1227 1368 1303 1409 alia
1333 1370 1498 1419 generis
1516 1381 1611 1409 neu-

131 1440 230 1478 trius
261 1449 351 1477 esse
378 1436 473 1476 illud
506 1436 668 1476 verbum
699 1435 813 1475 nohis
843 1436 1094 1487 persuadent.
1132 1424 1190 1476 'Et
1218 1448 1289 1489 pro
1313 1437 1438 1477 verbo
1458 1437 1612 1490 quidem

132 1506 306 1547 neutrius
336 1504 498 1556 generis
528 1503 727 1544 recentius
756 1516 861 1544 aevo
886 1504 1099 1545 Homerico
1128 1509 1353 1557 usurpatum
1381 1507 1445 1545 est
1473 1517 1613 1545 nomen

133 1569 307 1628 σκύφος,
358 1584 478 1626 quare
509 1571 772 1613 accuratiores
803 1570 1098 1625 (Aristarchus,
1149 1572 1337 1623 Wolfius)
1368 1573 1507 1624 legunt
1536 1573 1612 1615 0d.

132 1641 243 1693 xlv,
279 1640 390 1682 113:
438 1638 509 1679 καί
540 1637 578 1678 οἶ
617 1635 876 1691 πλησάμενος
918 1639 1021 1680 δῶκε
1052 1639 1224 1695 σκύφον.
1284 1641 1471 1681 Radicem
1504 1641 1615 1680 verbi

133 1705 291 1763 σκύφος
331 1707 491 1749 eandem
532 1719 626 1746 esse
660 1706 792 1747 dicunt
833 1708 904 1747 viri
947 1708 1052 1749 docti
1091 1708 1164 1759 (cf.
1205 1711 1315 1749 Rost.
1358 1708 1458 1748 Lex.
1497 1708 1613 1749 Hom.

133 1777 244 1817 Pind.
279 1776 423 1825 1037.)
464 1779 582 1830 atque
622 1775 737 1816 verbi
775 1774 994 1827 κύπελλον,
1043 1777 1108 1816 ubi
1138 1777 1293 1828 adjecta
1322 1778 1384 1816 est
1413 1777 1546 1816 littera
1574 1790 1613 1825 σ,

135 1847 176 1885 ut
206 1856 330 1897 saepe
358 1843 514 1886 litterae
546 1859 597 1886 σκ
624 1857 697 1896 pro
727 1842 889 1896 simplici
919 1842 1052 1884 littera
1081 1860 1104 1884 κ
1133 1845 1382 1886 inveniuntur
1412 1844 1482 1894 (cf.
1518 1842 1617 1884 Cur—

135 1914 212 1954 tius
242 1911 310 1952 Gr.
344 1911 472 1964 Etym.
494 1912 544 1964 ll,
575 1925 615 1964 p.
635 1910 765 1964 262).
829 1910 1061 1951 Athenaeus
1093 1913 1179 1953 loco
1208 1926 1327 1965 supra
1357 1915 1476 1954 citato
1507 1925 1616 1953 com-

134 1983 342 2032 memorat,
389 1988 655 2034 nonnunquam
694 1981 836 2032 poetas
876 1981 1088 2031 scripsisse
1128 1978 1317 2035 σκύπφος
1344 1995 1415 2035 pro
1445 1976 1617 2036 σκύφος,

135 2062 236 2103 quae
267 2052 380 2090 aucta
409 2051 531 2089 forma
562 2049 611 2088 oh
643 2050 803 2088 metrum
835 2047 883 2086 ab
915 2046 995 2087 illis
1025 2048 1202 2090 instituta
1233 2051 1308 2089 est.

273 2116 359 2157 Jam
389 2106 490 2156 inter
520 2116 669 2156 minima
698 2114 841 2166 pocula
861 2111 1011 2168 κοτύλη
1033 2117 1224 2157 numerari
1245 2118 1381 2170 potest
1399 2116 1463 2166 (ll.
1484 2115 1618 2168 xxii,

136 2183 212 2225 Od.
243 2183 395 2236 XVIII,
429 2185 524 2236 12),
553 2184 608 2223 ita
637 2185 679 2223 ut
708 2183 745 2222 in
770 2183 990 2224 Homericis
1022 2184 1253 2225 carminibus
1286 2185 1335 2224 de
1366 2186 1518 2236 exiguo
1538 2184 1618 2224 vini

136 2252 277 2293 haustu
317 2252 467 2294 dicatur
503 2250 697 2301 (Bekker.
728 2250 848 2292 schol.
887 2251 935 2292 ad
968 2251 1014 2292 ll.
1043 2250 1187 2303 XXll,
1234 2254 1340 2293 494:
1389 2248 1619 2304 ὁμωνύμως

134 2317 193 2361 τὸ.
219 2317 377 2373 ἀγγεῖον
407 2321 465 2375 τῷ
494 2316 654 2375 ῧγρῳ,).
714 2318 825 2359 Satis
853 2322 981 2361 notum
1012 2321 1078 2361 est
1105 2320 1394 2373 posterioribus
1425 2320 1616 2372 tempori-

135 2388 209 2427 hus
260 2388 423 2427 verbum
463 2383 614 2439 κοτύλη
653 2387 879 2441 plerumque
920 2400 1002 2428 eam
1039 2388 1209 2440 speciem
1248 2400 1453 2428 mensurae
1490 2398 1618 2427 rerum

135 2455 371 2496 humidarum
411 2456 453 2496 et
492 2453 683 2494 aridarum
715 2454 962 2507 significare,
1012 2467 1111 2509 quae
1142 2456 1257 2497 etiam
1285 2451 1412 2509 ἧμίνα
1443 2457 1620 2507 vocatur,

134 2536 261 2578 neque
292 2524 340 2564 de
371 2535 419 2564 ea
434 2535 477 2563 re
498 2522 768 2574 disputandum
789 2523 878 2563 mihi
899 2535 990 2563 esse
1013 2525 1197 2565 existimo
1218 2523 1320 2581 hanc
1340 2536 1477 2565 vocem
1499 2524 1546 2564 ll.
1568 2524 1618 2576 V,

134 2591 343 2645 305seqq.
359 2581 408 2631 de
430 2590 650 2642 acetabulo,
671 2591 774 2631 circa
792 2591 896 2645 quod
915 2592 1112 2634 coxendix
1134 2592 1303 2634 vertitur
1323 2592 1617 2644 intelligendam

135 2673 254 2712 esse,
302 2660 366 2701 ubi
394 2662 537 2713 poetae
566 2658 702 2700 verbis
733 2661 899 2715 quisque
931 2660 1131 2702 admodum
1155 2660 1375 2703 luculenter
1405 2662 1621 2704 instruitur.

274 2727 476 2781 Persaepe
505 2726 686 2770 laudatur
719 2730 757 2769 in
786 2728 911 2771 lliade
938 2731 981 2770 et
1011 2729 1199 2781 Odyssea
1231 2731 1358 2772 vinum
1389 2731 1439 2771 ob
1468 2742 1621 2774 arona·
