1730 2830
725 92 1004 135 -ῃ-

126 206 270 247 ximum
309 206 410 247 satis
438 204 603 260 liquoris
633 202 889 258 suppeditare
919 204 969 245 iis
999 204 1213 257 potuisset.
1271 203 1414 257 Magni
1439 203 1620 245 monenti

127 277 260 316 crater
287 287 380 317 esse
412 275 524 316 visus
556 275 620 315 est
649 272 810 314 heroica
841 274 998 325 aetate,
1031 274 1086 315 ita
1116 276 1163 315 ut
1186 272 1620 326 Hector-cupidissime

129 344 245 394 optet
274 341 321 382 ll.
350 339 422 394 vl,
451 342 558 384 528:

337 410 526 462 κρητῆρα
556 407 799 462 στῇσασθαι
828 405 1046 462 ἐλεύθερον
1076 406 1118 450 ἓν
1146 405 1403 465 μεγάροισιν,

127 488 258 530 neque
291 477 492 530 quisquam
525 477 604 523 est,
636 476 701 528 qui
732 476 894 527 ignoret
913 475 1126 515 Hectorem
1146 477 1266 516 totum
1284 479 1485 531 oppidum,
1516 476 1620 530 qued

129 546 337 586 liberatum
369 555 461 585 esse
495 543 633 595 voluit,
662 543 726 583 his
756 544 895 584 verbis
927 543 1196 584 denotavisse.

270 611 410 652 Vinum
442 623 545 665 aqua
574 612 830 664 temperatum
852 612 1016 651 ministri
1036 611 1190 664 poculis
1210 612 1479 663 immittebant,
1508 623 1620 665 quam
1672 616 1675 618 “

128 681 502 720 administrationem
534 679 589 718 ita
621 691 692 719 eos
720 679 941 720 confecisse
970 680 1176 731 existimo,
1206 682 1249 721 ut
1278 676 1458 734 προχόῳ,
1485 678 1623 719 hirnea

129 759 151 787 e
183 750 338 789 cratere
370 748 502 788 vinum
532 745 760 798 haurirent,
803 759 857 788 ex
888 760 963 801 qua
993 747 1147 800 poculis
1178 748 1468 789 infundebatur.
1525 745 1622 787 Ple-

128 828 290 869 rumquc
320 811 501 869 πρόχοος
533 815 674 855 dicitur
705 816 754 855 de
783 815 933 867 hirnea,
961 829 1037 869 qua
1067 828 1211 857 servae
1244 817 1455 856 utebantur
1486 827 1622 868 aquam

130 884 452 923 circumferentes
482 883 658 923 manibus
689 883 886 934 lavandis,
917 884 1020 924 sicut
1047 882 1123 926 Od.
1155 884 1187 935 l,
1222 885 1315 925 136.
1349 882 1418 934 lV,
1447 884 1527 924 52:

296 948 468 1004 χέρνιβα
498 948 541 989 ‹5²—
565 948 802 1004 ἀμφίπολος
830 948 998 1007 προχόῳ
1027 948 1239 1004 παρέθηκε
1267 947 1467 1003 φέρουσα.

128 1017 264 1059 Aliter
296 1017 593 1068 intelligendum
624 1021 688 1058 est
717 1018 881 1058 verbum
911 1014 1089 1073 πρόχοος
1118 1017 1190 1058 Od.
1222 1015 1375 1068 XVlll,
1404 1016 1511 1058 307:

440 1081 620 1139 πρόχοος
650 1084 694 1126 δὲ
722 1086 851 1139 γαμαὶ
881 1081 1072 1138 βόμβησε
1102 1087 1313 1135 πεσοῦσα,

132 1165 217 1192 nam
250 1151 323 1193 hoc
354 1152 440 1194 loco
471 1153 650 1208 πρόχοος
680 1143 877 1195 idem'est
906 1155 1024 1206 atque
1054 1148 1242 1204 οἰνοχόη,
1275 1155 1317 1191 ut
1346 1163 1369 1190 e
1400 1162 1520 1191 versu
1549 1163 1623 1191 an-

130 1220 346 1260 tecedente
377 1224 570 1273 apparet:

533 1285 554 1328 ὅ
585 1287 620 1328 δ’
656 1285 718 1341 ἄρ’
754 1284 939 1339 οἰνοχόον
967 1283 1070 1339 βάλε
1096 1291 1227 1340 χεῖρα.

131 1354 345 1396 Commune
371 1355 599 1407 poculorum
629 1368 768 1397 nomen
801 1353 927 1403 δέπας
957 1354 1115 1395 videtur
1145 1366 1252 1406 esse,
1285 1366 1405 1409 quare
1435 1353 1529 1395 nihil
1559 1354 1624 1394 of-

126 1422 321 1462 sensionis
348 1424 517 1473 praehet
547 1426 581 1464 si
613 1425 834 1476 promiscue
864 1423 967 1464 idem
988 1423 1167 1475 poculum
1191 1422 1416 1475 appellatur
1437 1423 1479 1464 et
1500 1418 1626 1469 δέπας

129 1492 171 1530 et
211 1486 375 1531 ἄλεισον
416 1491 510 1540 (οᾱ.
549 1491 628 1538 lll,
678 1493 745 1531 41.
777 1492 867 1542 53.)
900 1494 942 1530 et
979 1488 1179 1536 κύπελλον
1220 1490 1283 1542 (ll.
1313 1490 1476 1542 XXIV,
1526 1491 1622 1531 255.

127 1560 257 1611 305),
289 1572 390 1612 quae
421 1558 538 1599 latior
568 1559 684 1599 verbi
715 1556 843 1606 δέπας
872 1562 1052 1610 potestas
1080 1561 1170 1609 nata
1202 1562 1267 1599 est
1286 1571 1340 1599 ex
1362 1571 1410 1599 ea
1430 1569 1490 1606 re,
1520 1558 1624 1611 qnod

126 1627 204 1667 hoc
228 1640 408 1669 caussam
432 1628 606 1679 spectat,
638 1639 720 1666 cum
739 1625 916 1679 reliquae
939 1625 1161 1677 poculorum
1181 1626 1495 1678 significationes
1513 1627 1625 1666 ortae
1666 1652 1669 1654 -

128 1696 208 1735 sint
239 1695 290 1735 oh
318 1696 490 1735 sormam.
551 1693 658 1734 ldem
677 1694 843 1746 <priores
873 1695 1115 1746 grammatici
1145 1695 1326 1734 sensisse
1352 1694 1536 1734 videntur
1559 1693 1624 1746 qui

128 1765 291 1804 verbum
334 1760 460 1810 δέπας
502 1764 714 1803 exstitisse
751 1765 892 1815 putant
931 1762 995 1814 (E.
1026 1762 1084 1803 Μ.
1114 1763 1220 1814 256,
1259 1764 1374 1810 47.);
1424 1759 1536 1815 παρὰ
1576 1758 1623 1800 τὸ

131 1829 259 1883 δέχω,
305 1828 427 1882 δέχας
456 1829 524 1871 καὶ
557 1828 705 1879 δέπας,
738 1829 777 1870 δὶ
806 1821 858 1869 οὗ
889 1826 1098 1882 δεχόμεθα
1129 1827 1200 1870 τὸν
1232 1825 1362 1879 οἷνονς
1412 1829 1484 1870 sed
1514 1830 1624 1870 recte

129 1911 223 1939 sese
254 1911 330 1939 non
360 1898 483 1938 hahet
513 1910 647 1938 eorum
678 1898 938 1949 etymologia,
970 1900 1012 1938 ut
1041 1900 1228 1938 recentes
1258 1898 1336 1937 viri
1368 1897 1473 1937 docti
1503 1896 1624 1937 intel-

126 1967 329 2008 lexerunt.
391 1964 592 2007 Cohaeret
622 1966 721 2006 enim
753 1966 916 2006 verbum
948 1962 1074 2013 δέπας
1105 1966 1171 2015 (cf.
1203 1964 1364 2008 Curtius
1395 1964 1464 2007 Gr.
1492 1964 1623 2017 Etym.

126 2035 201 2074 No.
233 2034 354 2082 261.)
384 2046 469 2074 cum
504 2034 629 2074 verho
658 2030 848 2084 δάπτειν,
892 2033 993 2072 unde
1024 2034 1138 2073 etiam
1169 2033 1332 2073 verbum
1363 2032 1523 2073 δεῖπνον
1554 2033 1623 2073 de-

126 2103 294 2152 rivatur,
325 2103 366 2140 et
394 2101 498 2141 sicut
527 2100 690 2142 δεῖπνον
718 2100 848 2141 carnis
878 2100 1115 2140 divisionem
1146 2100 1360 2152 significat,
1392 2100 1541 2153 pariter
1572 2100 1623 2140 oh

129 2169 445 2210 distributionem
486 2169 569 2209 vini
612 2165 738 2216 δέπας
777 2180 916 2209 nomen
957 2170 1124 2221 accepit.
1186 2169 1491 2209 Usitatissimum
1532 2169 1623 2220 epi-

126 2239 266 2279 theton
298 2236 415 2277 verbi
447 2233 573 2283 δέπας
603 2237 667 2276 est
697 2233 1007 2290 ἇμφικύπελλος
1039 2235 1155 2287 (11.1,
1189 2238 1285 2278 584.
1320 2234 1391 2288 Vl,
1419 2237 1515 2278 220.
1534 2235 1623 2287 aL),

127 2307 240 2358 cujus
273 2304 463 2357 adJectivi
495 2303 721 2355 explicandi
752 2315 893 2343 caussa
917 2303 1039 2344 liceat
1069 2303 1173 2356 mihi,
1205 2308 1247 2344 ut
1274 2305 1385 2356 prius
1416 2305 1465 2344 de
1498 2304 1623 2345 verbo

126 2369 349 2425 κύπελλον,
380 2384 480 2426 quae
513 2373 576 2412 est
605 2371 681 2412 alia
712 2371 845 2424 poculi
877 2371 1114 2423 significatio
1145 2373 1272 2413 verba
1301 2373 1450 2413 faciam.
1509 2371 1623 2412 Unde

126 2442 268 2481 factum
300 2441 367 2491 sit,
397 2442 440 2480 ut
468 2440 632 2480 verbum
663 2435 861 2479 κύπελλον
892 2439 1093 2491 significet
1123 2440 1300 2492 poculum
1332 2453 1380 2481 ea
1409 2441 1459 2481 de
1480 2452 1524 2480 re
1541 2444 1623 2494 jam

125 2509 229 2562 apud
258 2507 508 2548 Athenaeum
545 2507 783 2559 disputatum
816 2509 879 2547 est
907 2506 991 2558 Xl,
1022 2509 1130 2562 482,
1161 2520 1197 2560 e,
1227 2508 1301 2550 sed
1332 2508 1474 2550 clarius
1505 2508 1621 2550 Butt-

126 2589 288 2617 mannus
318 2576 431 2616 verbi
461 2572 661 2615 κύπελλον
692 2587 849 2614 sensum
881 2576 1105 2627 explicavit
1133 2576 1260 2616 Lexil.
1284 2575 1314 2628 l,
1345 2590 1382 2629 p.
1416 2578 1510 2618 161.
1554 2576 1623 2619 ΑΙ).

130 2643 267 2684 eadem
299 2644 441 2696 stirpe,
471 2655 494 2682 a
525 2656 601 2696 qua
632 2642 797 2682 verbum
827 2639 1028 2683 κύπελλον
1047 2644 1242 2695 originem
1268 2644 1381 2686 duxit
1400 2644 1477 2686 alia
1497 2643 1622 2684 verba

126 2713 379 2763 derivantur,
429 2724 529 2765 quae
571 2711 697 2752 onmia
736 2723 838 2752 cava
878 2724 978 2752 vasa
1015 2712 1207 2765 indicant,
1251 2713 1354 2754 sieut
1392 2713 1431 2753 in
1469 2711 1622 2754 Graeca
