1730 2830
143 173 309 225 propter
346 171 488 226 pedum
525 182 720 212 numerum
758 183 899 213 nomen
936 173 1031 229 illud
1072 175 1287 215 institutum
1318 187 1436 227 esse,
1480 175 1630 227 pariter

144 241 263 294 atque
309 239 361 280 ob
399 240 565 293 quatuor
604 239 730 292 pedes
769 252 903 281 mensa
942 237 1123 295 τράπεζα
1159 243 1354 284 nominata
1388 244 1465 284 est.
1533 241 1630 285 Cum

143 308 297 349 omnino
329 307 494 348 verbnm
525 305 718 361 τρίπους,
754 310 797 348 ut
827 307 944 349 docet
973 308 1174 351 Diodorus
1204 309 1361 353 Siculus
1392 306 1520 363 (XVI,
1551 308 1630 356 262'

142 374 312 431 τρίπους
337 371 504 429 μηχανή
533 374 619 416 ἔστι
648 378 757 430 τρεῖς
783 371 927 428 βάσεις
957 373 1140 428 ἔχουσα.)
1172 378 1466 420 instrumentum
1497 371 1627 434 quod-4

143 455 219 497 que
250 442 478 496 significare
508 443 653 495 possit,
685 443 786 496 quod
815 444 938 485 tribus
955 444 1125 498 pedibus
1147 447 1378 498 sustinetur,
1410 445 1448 488 in
1466 446 1630 505 Homeri

142 512 374 553 carminibus
404 509 595 566 τρίποδες
634 512 795 564 proprie
834 515 926 554 sunt
955 514 982 553 ii
1011 514 1207 568 tripodes,
1254 516 1318 569 qui
1350 529 1469 571 supra
1497 517 1630 571 ignem

140 582 336 633 ponuntur
371 592 498 633 aquae
528 579 850 620 fervefaciendae
879 592 1054 621 caussae.
1115 582 1226 623 Haec
1254 583 1509 629 instrumenta
1539 582 1630 624 effi-

141 648 360 698 ciebantur,
393 649 436 688 ut
465 648 533 688 aut
561 638 911 698 agglutinarentur
939 651 1023 690 tres
1050 649 1179 704 pedes
1208 650 1257 691 ad
1289 663 1425 692 aenum
1451 653 1518 692 aut
1537 663 1629 692 con·

134 718 403 769 jungerentur
432 715 560 769 pedes
591 714 765 767 cingulo,
794 717 855 757 cui
887 716 1052 757 alterum
1081 718 1275 770 tripodum
1305 720 1448 770 generi
1468 707 1630 760 lebetes

137 797 239 839 aqua
284 783 430 838 impleti
470 783 615 836 imponi
653 782 834 825 solebant
870 785 941 837 (cf.
980 785 1194 837 Bottigers
1230 785 1442 828 Amalthea
1482 785 1536 827 lll
1579 787 1627 829 B.

137 852 182 893 S.
213 852 319 902 230.
381 851 543 892 Aenens
574 853 632 892 rut
662 852 802 904 tripus,
833 853 875 891 ut
903 853 1166 894 necessarium
1197 855 1261 892 est
1291 854 1327 893 in
1360 855 1629 906 instrumento,

139 919 243 972 quod
282 920 511 973 frequenter
551 920 636 970 igni
674 918 931 971 admovetur,
977 920 1089 972 cujus
1119 920 1176 960 rei
1207 920 1428 974 exemplum
1458 923 1521 974 est
1551 920 1628 962 Od.

136 985 199 1039 Χ,
229 986 315 1030 359
344 999 460 1042 seqq.
520 985 619 1029 Cum
653 987 791 1027 crebro
823 1000 893 1027 usu
925 987 1126 1040 tripodes,
1177 989 1242 1042 qui
1273 989 1423 1029 omnino
1453 988 1631 1030 dicuntur

137 1053 415 1111 ἐμπυριβῆται
446 1054 513 1108 (11.
544 1053 712 1106 xxm,
762 1055 878 1104 ⁸702.)
910 1055 1012 1108 quod
1043 1055 1153 1108 quasi
1183 1057 1315 1107 ignem
1347 1057 1562 1097 ascendunt
1588 1062 1630 1100 et

134 1117 371 1175 λοετροχόοι
401 1121 467 1174 (ll.
500 1121 650 1174 xvm,
681 1122 777 1163 346.
810 1120 885 1180 (ld.
917 1121 1027 1175 Vm,
1058 1122 1191 1175 435.)‚
1221 1124 1323 1177 quod
1355 1137 1491 1178 aquam
1522 1125 1628 1167 cale-

134 1190 350 1231 faciendam
391 1191 609 1244 recipiunt,
660 1189 877 1245 deteriores
918 1189 1085 1238 fierent,
1128 1191 1294 1244 sejuncti
1333 1194 1424 1233 sunt
1454 1205 1476 1232 a
1507 1194 1627 1245 poeta

133 1257 324 1314 τρίποδες
355 1254 528 1312 ἄπυροι,
577 1257 642 1310 qui
683 1257 765 1308 igni
809 1258 904 1298 tacti
934 1271 1010 1298 non
1042 1261 1155 1300 erant
1185 1259 1234 1299 ab
1263 1260 1337 1313 iis,
1385 1261 1449 1314 qui
1479 1260 1529 1301 ad
1559 1273 1624 1301 co-

134 1326 328 1379 quendum
364 1326 444 1378 jam
486 1325 650 1365 adhibiti
691 1327 799 1365 erant
830 1337 908 1378 qua
937 1326 988 1365 de
1016 1325 1208 1378 adJectivi
1238 1321 1393 1382 ἄπυρος
1421 1330 1624 1380 potestate

131 1393 357 1436 luculenter
397 1393 621 1445 disputavit
651 1392 866 1444 Ussingius
907 1393 976 1445 (dc
1014 1405 1113 1434 nom.
1145 1406 1233 1435 vas.
1266 1407 1306 1446 p.
1337 1392 1427 1444 94.)
1500 1395 1622 1451 Quam

132 1473 214 1502 cum
245 1472 390 1514 sequar
418 1461 608 1501 rationem
638 1461 676 1501 in
696 1460 989 1513 interpretando
1012 1461 1135 1501 verbo
1152 1459 1321 1515 ἄπυρος,
1352 1462 1513 1504 laudare
1546 1459 1621 1504 non

130 1542 292 1583 possum
313 1540 443 1570 eorum
461 1529 700 1582 opinionem,
719 1529 784 1583 qui
805 1526 1003 1584 τρίποδας
1022 1525 1205 1583 ἀπύρους
1223 1529 1451 1581 intelligunt
1471 1531 1520 1571 de
1542 1544 1619 1583 ge-

129 1610 221 1639 nere
251 1597 418 1652 quodam
438 1595 740 1649 anathematum,
770 1596 819 1636 ad
839 1609 951 1651 quam
972 1597 1204 1638 sententiam
1226 1598 1381 1638 adducti
1400 1598 1456 1639 illi
1477 1600 1620 1640 viden-

129 1670 203 1720 tur,
225 1667 405 1721 quoniam
415 1666 556 1707 dicitur
569 1665 619 1706 de
630 1666 679 1706 tri
683 1665 849 1718 podibus
861 1678 884 1705 a
894 1664 1070 1705 Vulcano
1081 1665 1285 1706 fabricatis
1295 1664 1341 1706 ll.
1354 1656 1618 1719 xvl11‚374:

372 1728 592 1786 ἑστάμεναι
622 1731 713 1787 περὶ
742 1736 879 1784 τοῖχον
910 1729 1138 1780 ἓῧσταθέος
1164 1730 1381 1788 μεγάροιο(

267 1802 407 1854 Neque
437 1801 476 1840 in
506 1800 583 1841 illis
610 1800 766 1854 quidem
796 1800 1016 1851 tripodibus
1046 1799 1198 1840 illorum
1227 1802 1425 1841 sententia
1453 1797 1616 1843 refutari

125 1871 284 1921 potest,
330 1881 415 1908 nam
446 1867 671 1908 difficillime
701 1868 854 1908 omnino
884 1867 1141 1919 dijudicatur,
1183 1869 1401 1920 cujusmodi
1429 1869 1455 1908 ii
1486 1869 1614 1922 tripo—

126 1937 213 1978 des⁴
236 1937 405 1988 fuerint,
453 1937 492 1976 in
521 1937 662 1990 quibus
692 1935 965 1976 describendis
993 1938 1139 1988 poetae
1167 1937 1296 1988 magis
1325 1937 1522 1977 interesse
1556 1939 1614 1977 vi-

125 2005 266 2053 detur,
306 2007 349 2045 ut
379 2004 523 2044 eximia
552 2003 716 2044 Vulcani
745 2016 809 2043 ars
840 2005 931 2043 ante
961 2002 1097 2044 oculos
1126 2006 1317 2056 ponatur,
1355 2016 1467 2057 quam
1495 2006 1538 2045 ut
1567 2005 1616 2045 de

124 2072 322 2126 tripodum
361 2071 651 2113 constructione
691 2072 886 2113 certiores
923 2070 1073 2112 fiamus.
1133 2071 1217 2112 Jam
1257 2071 1437 2113 concludi
1480 2073 1616 2125 potest

124 2153 257 2181 eorum
288 2131 499 2191 tripodum,
530 2140 596 2193 qui
626 2152 650 2180 a
679 2142 800 2191 poeta
828 2151 901 2191 pro
932 2140 1175 2191 argumentis
1197 2139 1320 2180 divini
1339 2139 1491 2181 artificii
1510 2152 1614 2181 com-

122 2210 384 2253 memorantur
422 2207 586 2248 similem
628 2207 820 2261 quandam
859 2206 1033 2259 speciem
1074 2207 1188 2247 etiam
1222 2206 1411 2248 hominum
1441 2208 1479 2248 in
1508 2220 1612 2261 pos—

121 2277 302 2318 sessIone
330 2276 470 2327 fuisse,
503 2276 614 2328 cujus
644 2287 744 2315 vero
776 2275 919 2314 mentio
949 2286 1025 2314 non
1055 2273 1097 2314 fit
1126 2274 1162 2314 in
1190 2274 1312 2315 iliade
1342 2277 1383 2315 et
1412 2274 1611 2327 Odyssea,

121 2355 302 2398 quaeque
342 2342 468 2383 verbo
511 2339 670 2396 ἄπυρος
708 2342 813 2383 nullo
854 2341 968 2382 modo
1007 2340 1222 2391 significari
1263 2344 1412 2394 potest.
1471 2340 1611 2396 Neque

121 2409 326 2464 epitheton
364 2406 612 2465 περικαλλής
650 2409 746 2463 (od.
778 2408 901 2460 Xlll,
948 2408 1052 2458 217)
1084 2409 1132 2449 ad
1161 2407 1361 2463 τρίποδας
1388 2406 1611 2462 ἀναθημα-

118 2474 258 2526 τικοῦς
286 2478 534 2519 referendum
575 2479 660 2530 est,
707 2477 780 2519 sed
811 2478 897 2518 fere
927 2475 1029 2516 idem
1057 2475 1257 2527 significat
1284 2476 1361 2518 hoc
1390 2476 1479 2519 loco
1509 2489 1610 2519 ver-

118 2547 208 2587 bum
238 2541 485 2601 περικαλλής
514 2547 634 2598 atque
664 2541 835 2600 ἄπυρος,
865 2544 1010 2585 indicat
1040 2545 1138 2585 enim
1158 2545 1336 2598 tripodes
1357 2557 1502 2595 novos,
1532 2545 1617 2586 sul--

118 2615 289 2666 gentes,
338 2612 570 2666 splendidos
611 2612 760 2664 fuisse,
804 2612 843 2652 id
882 2610 986 2667 quod
1025 2613 1190 2665 saepius
1220 2624 1374 2667 quoque
1403 2613 1607 2667 adiectivo

114 2680 251 2726 αἴθων
294 2682 526 2736 exprimitur
554 2681 617 2733 (ll.
645 2679 813 2733 XXlll,
847 2679 985 2733 aaa).
1043 2679 1203 2735 Ansae,
1251 2681 1302 2723 de
1339 2694 1497 2737 quarum
1530 2693 1618 2742 usu
