1730 2830
713 125 769 133 ....
810 103 884 148 st
936 126 995 134 .-

96 217 262 269 >lingua*
283 211 437 271 κύμβη,
467 218 506 258 in
537 216 679 258 Latina
704 226 817 268 cupa,
849 216 887 256 in
918 216 1053 257 nostra
1071 212 1223 266 Kiibel,
1244 214 1282 255 in
1302 211 1604 268 Francogallica

117 296 219 327 euve
257 290 299 326 et
336 297 488 340 coupe,
535 285 574 326 in
613 285 840 326 Britannica
873 297 959 339 cup.
1029 283 1147 339 Quae
1180 282 1306 326 verba
1324 329 1327 330 ⁷
1345 282 1514 327 maxims
1550 293 1604 323 ex

116 355 231 410 parte
271 353 321 394 de
351 354 618 407 capacioribus
648 355 759 394 vasis
790 354 864 393 dici
894 353 1026 394 solent
1054 364 1175 405 quare
1205 352 1309 405 quod
1340 352 1463 392 minus
1492 363 1603 404 quam

78 424 80 426 ’
116 433 165 462 ea
201 422 266 461 est
304 420 487 473 poculum
526 421 725 461 κύπελλον
754 421 994 462 deminutiva
1022 420 1144 460 forma
1174 421 1250 460 est.
1310 418 1420 475 Quae
1449 419 1483 458 si
1513 431 1605 460 eon-

120 487 295 528 cedimus
324 490 436 529 recta
460 501 577 539 esse,
606 489 792 539 ignorare
822 501 897 529 non
928 500 1153 540 possumus,
1181 498 1257 540 quo
1286 487 1400 527 modo
1429 486 1602 539 adjecti-

117 568 208 607 vum
237 551 544 610 ἀμφικύπελλος
573 555 848 608 explicandum
878 558 942 597 sit.
993 554 1224 607 Composita
1255 554 1354 596 enim
1374 554 1500 595 verba
1519 566 1601 595 eum

114 623 410 678 praepositione
431 620 544 678 ἆμφί
556 624 679 677 (quod
709 625 834 665 verba
855 624 1053 665 declarant
1071 620 1284 677 ἆμφῶτος,
1316 618 1602 676 ἀμφιστόμος)

42 682 47 685 μ
115 705 195 733 rem
234 691 483 744 significant,
531 693 642 744 cujus
680 693 886 734 contrariis
915 694 951 732 in
984 692 1185 744 partibus,
1232 691 1272 731 id
1301 691 1404 744 quod
1435 690 1602 732 alterum

116 759 279 801 verbum
309 761 418 801 notat
446 760 660 812 invenitur,
692 772 813 814 quare
844 757 968 809 δέπας
998 755 1305 814 ἀμφικύπελλον
1326 760 1390 800 est
1408 758 1602 812 poculum,

116 829 231 881 eujus
271 829 452 880 superior
493 830 535 869 et
573 829 734 869 inferior
772 841 865 881 pars
904 824 1104 868 κύπελλον
1143 826 1275 869 efficit.
1335 827 1446 884 Quae
1483 828 1603 869 inter-

113 897 288 949 pretatio
325 895 488 949 epitheti
527 893 834 950 ἀμφικύπελλος
869 895 1038 935 firmatur
1069 895 1205 935 verbis
1235 895 1493 947 Aristotelis,
1538 896 1601 948 qui

117 966 160 1005 ut
197 964 372 1017 explicet
401 965 529 1016 apium
561 964 750 1006 cellarum
783 964 941 1004 formam
972 963 1125 1003 locutus
1155 966 1219 1004 est
1247 963 1351 1003 Hist.
1382 960 1600 1014 anim-lx,

116 1033 194 1074 40:
241 1030 330 1086 περὶ
369 1030 469 1084 μίαν
507 1028 631 1083 βάσιν
672 1028 746 1072 δύο
776 1030 945 1086 θυρίδες
975 1030 1098 1079 εἰσὶν,
1150 1028 1281 1085 ὥςπερ
1311 1033 1368 1071 w*
1372 1047 1394 1071 ν
1423 1028 1602 1085 ἀμφικυ-

117 1097 288 1148 πέλλων,
319 1094 345 1152 ἦ
374 1097 450 1150 μὲν
480 1098 593 1147 ἐντὸς
622 1095 647 1152 ἦ
680 1096 717 1139 δ’
750 1096 877 1146 ἐκτός.

257 1157 467 1218 Homerus,
499 1168 564 1221 qui
594 1166 787 1208 heroicam
815 1168 983 1207 aetatem
1012 1167 1168 1207 eximiis
1199 1167 1350 1207 divitiis
1382 1166 1599 1219 praeditam

116 1236 207 1275 ante
239 1234 372 1277 oculos
404 1235 561 1286 posuit,
611 1233 715 1274 nullo
744 1234 858 1274 modo
888 1234 1035 1275 oblitus
1066 1237 1130 1275 est
1161 1235 1389 1277 describere
1419 1232 1599 1286 pulcher-

114 1304 210 1343 rima
239 1302 393 1354 poeula,
426 1313 525 1355 quae
555 1301 634 1341 illis
661 1302 902 1354 temporibus
932 1302 1233 1344 fabricabantur.
1291 1302 1333 1342 ln
1360 1302 1493 1355 primis
1512 1302 1599 1342 Ne-

115 1370 238 1411 storis
268 1369 448 1422 poculum
477 1381 574 1423 prae
605 1371 751 1411 ceteris
781 1371 1003 1423 speciosum
1034 1371 1119 1422 ruit,
1148 1373 1190 1411 ut
1219 1372 1378 1422 dignum
1399 1370 1599 1412 videatur,

60 1452 62 1454 ·
117 1439 167 1480 de
205 1451 282 1493 quo
320 1439 532 1491 separatim
574 1438 696 1478 verba
735 1438 838 1479 fiant.
898 1437 1142 1492 Saepissime
1172 1440 1276 1481 docti
1305 1439 1468 1479 omnium
1499 1440 1598 1479 tem-

113 1520 248 1560 porum
287 1508 364 1548 viri
406 1507 535 1547 conati
564 1509 661 1546 ,sunt
696 1507 766 1558 (cf.
809 1506 944 1547 Lebrs.
977 1506 1126 1547 Herod.
1157 1521 1195 1560 p.
1226 1508 1310 1550 439
1347 1510 1482 1560 seqq.)
1522 1506 1598 1547 boc

112 1574 293 1627 poculum
322 1575 376 1616 ita
407 1574 647 1621 describere,
678 1575 719 1614 ut
747 1575 880 1626 imago
912 1577 1019 1615 certa
1049 1576 1258 1627 existeret,
1288 1576 1400 1615 immo
1422 1573 1599 1627 complu-

112 1655 180 1684 res
225 1643 469 1691 Homericam
529 1642 833 1694 descriptionem
892 1643 1017 1683 secuti
1062 1644 1215 1696 fingere
1265 1644 1303 1683 id
1352 1642 1599 1694 studuerunt,

114 1713 155 1751 ut
199 1712 282 1763 jam
320 1711 435 1763 {apud
475 1709 721 1751 Athenaeum
759 1710 909 1761 legitur
947 1710 1029 1763 XI,
1073 1712 1154 1754 781
1194 1712 1241 1753 d:
1301 1709 1347 1751 τὸ
1387 1710 1601 1765 Νέστορος

112 1778 308 1833 ποτήριον
350 1777 493 1819 πολλοὶ
531 1773 822 1832 κεραμεύουσιε
887 1780 1067 1821 πλεῖστοι
1096 1777 1174 1834 γὰρ
1203 1779 1293 1834 περὶ
1323 1776 1451 1820 αὗτοῢ
1482 1794 1597 1821 συνε-

111 1842 340 1901 γράψαντο.
399 1845 535 1900 Usque
565 1846 614 1886 ad
644 1845 720 1886 hoc
748 1858 848 1887 vero
880 1849 1032 1900 tempus
1060 1860 1187 1901 neque
1211 1848 1440 1901 descriptio,
1471 1859 1599 1901 neque

110 1915 244 1965 imago
276 1915 446 1967 exstitit,
478 1915 527 1955 de
558 1928 634 1968 qua
664 1916 762 1955 satis
794 1918 902 1957 certe
921 1916 1170 1957 contendere
1192 1929 1399 1968 possumus
1419 1916 1598 1968 poculum

110 1982 297 2023 Nestoris
329 1976 542 2024 secundum
567 1982 728 2024 Homeri
762 1983 885 2024 rerba
914 1982 1032 2024 aliter
1063 1983 1160 2036 fingi
1188 1996 1263 2024 non
1283 1996 1417 2036 posse.
1468 1984 1599 2040 Quare

113 2063 196 2090 cum
228 2050 458 2102 desperem,
508 2063 567 2091 me
597 2052 884 2103 confecturum,
924 2053 1027 2104 quod
1057 2065 1107 2092 ne
1140 2052 1379 2093 doctissimis
1410 2054 1453 2092 et
1482 2064 1597 2103 prae-

111 2117 365 2158 stantissimis
395 2118 548 2172 quidem
579 2119 678 2158 viris
708 2119 896 2170 contigit,
935 2132 1010 2160 non
1041 2120 1078 2161 in
1109 2121 1234 2161 animo
1265 2120 1354 2161 mihi
1385 2124 1448 2161 est
1479 2123 1597 2161 totum

113 2185 292 2238 poculum
325 2185 579 2238 describere,
628 2187 699 2226 sed
730 2198 777 2227 ea
808 2188 976 2239 tantum,
1024 2200 1126 2242 quae
1157 2190 1340 2229 versibus
1368 2189 1446 2229 illis
1476 2191 1597 2241 poeta

108 2253 296 2306 prodidit,
326 2256 506 2307 quantum
538 2267 700 2306 possum
731 2255 956 2307 explicabo.
1019 2255 1172 2297 Versus
1202 2259 1330 2297 autem
1361 2259 1424 2311 qui
1455 2257 1504 2297 ad
1522 2269 1595 2309 po-

111 2322 235 2362 culum
264 2322 449 2361 Nestoris
480 2324 676 2374 spectant,
707 2323 896 2373 leguntur
925 2322 971 2363 ll.
1002 2324 1076 2376 Xl,
1106 2326 1190 2368 632
1221 2335 1360 2379 seqq-2

251 2388 335 2442 πὰρ
365 2387 410 2429 δὲ
439 2386 565 2436 δέπας
595 2389 845 2444 περικαλλές,
876 2388 899 2432 ‘6
930 2389 1097 2435 οἴκοθεν
1124 2386 1187 2448 ἦγ’
1219 2390 1240 2434 ὃ
1269 2389 1453 2448 γεραιός,

244 2455 451 2511 χρυσείοις
478 2454 612 2509 ἥλοισι
642 2458 913 2514 πεπαρμένον·
945 2457 1079 2501 οὔατα
1108 2459 1142 2500 δ’
1180 2458 1309 2501 αὖτοῦ

247 2520 412 2578 τέσσαρ’
447 2520 558 2575 ἕσαν,
593 2524 700 2565 δοιαὶ
732 2524 777 2567 δὲ
803 2524 1006 2577 πελειάδες
1037 2525 1169 2583 ἆμφὶς
1198 2527 1370 2570 ἕκαστον

242 2588 430 2644 χρύσειαι
458 2591 683 2644 νεμέθοντο
715 2590 802 2635 δύω
833 2592 868 2635 δ’
901 2591 980 2636 ὑπὸ
1011 2595 1216 2647 πυθμένες
1244 2589 1352 2649 ἦσαν

247 2655 372 2707 ἄλλος
401 2658 475 2711 μὲν
504 2658 664 2713 μογέων
695 2657 997 2714 ἀποκινήσασκε
1028 2661 1232 2718 τραπέζης

254 2728 391 2767 πλεῖον
418 2723 497 2768 ἐόν·
541 2725 713 2783 Νέστωρ
744 2726 779 2769 d'
816 2725 836 2769 ὅ
866 2727 994 2783 γέρων
1026 2728 1201 2784 ἀμογητὶ
1233 2728 1376 2786 ἄειρεν.
