1730 2830
720 525 794 577 lle
840 525 995 577 sede.

254 695 396 735 Eorum
433 695 637 747 sedilium,
686 695 827 748 quibus
854 695 1051 737 Homerici
1080 696 1225 737 heroes
1254 695 1462 737 utebantur
1492 696 1605 736 varia

116 773 270 812 genera
299 764 456 811 extant,
485 775 585 816 quae
617 763 731 804 etiam
759 762 1047 814 posterioribus
1065 764 1307 816 temporibus
1327 763 1605 821 distinguenda

116 832 222 872 sunt.
279 830 364 870 Jam
393 831 653 882 adjiciendum
682 830 758 870 hoc
783 830 871 872 loco
902 832 1074 883 videtur,
1107 835 1307 883 cenantes,
1338 832 1456 883 quiin
1478 831 1604 871 Iliade

117 901 159 939 et
188 897 376 950 Odyssea
405 902 497 940 ante
526 900 661 940 oeulos
689 901 885 951 ponuntur
915 900 1123 941 considere
1153 900 1293 941 solitos
1324 911 1416 938 esse
1447 892 1489 938 in'
1512 911 1602 939 eon-

116 968 250 1018 viviis,
279 968 523 1020 posteriores
540 980 641 1008 vero
663 967 841 1008 Graecos
865 967 1071 1019 epulantes
1092 969 1339 1016 accubuisse,
1369 979 1445 1020 quo
1461 968 1603 1006 factum

115 1037 178 1075 est
206 1037 249 1075 ut
277 1035 496 1087 scriptores
525 1035 724 1075 inferioris
754 1036 898 1076 aetatis
929 1035 1109 1075 sedilium
1140 1036 1290 1077 artifice
1322 1038 1361 1075 et
1392 1036 1603 1087 ingeniose

115 1103 303 1145 factorum
349 1103 434 1143 fere
483 1102 625 1143 nullam
670 1103 905 1143 mentionem
953 1104 1125 1153 faciant,
1174 1104 1246 1143 sed
1284 1103 1603 1155 frequentissime

114 1170 346 1211 lectulorum
382 1183 491 1210 usum
527 1170 567 1209 in
606 1170 715 1210 cenis
754 1173 1065 1211 commemorent.
1140 1171 1248 1211 Inter
1286 1171 1412 1210 omnia
1449 1171 1603 1221 sedilia,

115 1250 215 1291 quae
243 1238 281 1277 in
301 1237 525 1278 Homericis
555 1237 786 1277 carminibus
817 1237 1090 1278 describuntur
1115 1240 1274 1291 primum
1304 1238 1428 1278 locum
1450 1238 1605 1278 obtinet

115 1302 283 1359 θρόνος,
314 1306 417 1360 quod
449 1318 601 1358 nomen,
633 1305 736 1345 unde
767 1307 890 1346 ortum
921 1307 974 1346 sit
1004 1309 1148 1358 postea
1177 1307 1342 1348 dicetur.
1402 1307 1602 1347 insidendi

116 1386 234 1415 causa
280 1374 456 1416 thronum
495 1376 756 1415 constructum
799 1385 914 1425 esse,
962 1374 1165 1425 colligitur
1203 1387 1225 1415 e
1261 1374 1386 1416 verbo
1425 1372 1602 1424 ἵζεσθαι,

117 1454 194 1495 quo
223 1439 383 1496 θρόνου
412 1455 507 1482 usus
534 1442 724 1482 indicatur
756 1442 858 1481 sicut
886 1440 932 1481 ll.
962 1440 1056 1492 XV,
1106 1442 1200 1482 150.
1258 1440 1334 1481 od.
1364 1441 1467 1494 XX,
1509 1442 1601 1483 1:34.

115 1509 281 1551 Praeter
343 1512 477 1551 cetera
547 1510 688 1550 sedilia
751 1505 907 1562 θρόνος
970 1510 1115 1550 eximia
1174 1510 1444 1560 magnitudine
1492 1513 1603 1559 erat3

117 1578 157 1618 id
186 1578 289 1635 quod
319 1580 487 1631 apparet
515 1589 569 1618 ex
597 1576 775 1629 epitheto
804 1571 981 1629 ὑψηλός,
1014 1577 1118 1630 quod
1149 1578 1371 1630 appositum
1394 1580 1456 1619 est
1475 1578 1603 1619 verbo

114 1644 270 1702 θρόνος
299 1646 373 1689 od.
403 1646 526 1698 Vin,
565 1647 673 1697 422,
715 1646 828 1697 cujus
859 1645 1079 1686 altitudinis
1108 1659 1252 1687 caussa
1283 1647 1498 1688 scabellum
1530 1660 1605 1699 ap-

114 1714 295 1768 plicatum
325 1716 424 1765 erat,
454 1717 498 1754 ut
527 1714 621 1754 dicit
648 1715 769 1766 poeta
799 1711 926 1763 Od.1‚
960 1713 1039 1754 131
1076 1734 1126 1742 —
1157 1709 1238 1753 ὕπὸ
1270 1713 1314 1753 δὲ
1342 1716 1505 1767 θρῆνυς
1532 1728 1604 1753 πο-

116 1782 181 1823 σὶν
217 1774 309 1834 ἦεν,
351 1794 425 1834 per
462 1783 566 1834 quod
598 1780 814 1820 ascendere
845 1779 1046 1820 debebant
1071 1781 1120 1832 ii,
1152 1782 1218 1833 qui
1260 1780 1301 1820 ἐν
1330 1779 1475 1836 θρόνῳ
1504 1794 1603 1821 con-

115 1849 248 1890 sidere
299 1849 522 1890 voluerunt.
554 1850 559 1856 ’
594 1848 789 1901 Optimum
826 1858 924 1888 vero
964 1851 1258 1900 argumentum,
1309 1852 1490 1902 quantum
1531 1848 1605 1889 hoc

116 1916 246 1957 sedile
276 1917 396 1956 l'uerit
422 1918 620 1956 invenitur
649 1917 724 1957 Οὐ.
757 1914 898 1966 XXII,
935 1915 1016 1955 361
1050 1927 1159 1968 seq„
1209 1917 1273 1955 ubi
1305 1914 1460 1968 θρόνος
1489 1929 1602 1956 rece-

116 1983 311 2036 ptaculum
342 1983 546 2025 Medontis
574 1986 664 2035 est,
708 1985 773 2037 qui
805 1983 982 2037 quamvis
1012 1994 1104 2024 sese
1134 1983 1337 2023 admodum
1370 1984 1604 2037 complicans

117 2053 267 2104 majore
294 2053 425 2105 spatio
456 2053 688 2104 indigebat,
721 2066 832 2107 quam
864 2052 971 2107 quod
998 2054 1036 2093 in
1066 2052 1258 2093 sedilibus
1289 2054 1468 2094 invenire
1498 2053 1604 2094 soliti

117 2133 262 2160 sumus.
321 2121 403 2160 Jam
442 2133 528 2161 cum
567 2122 727 2161 heroica
766 2123 899 2162 aetate
939 2121 988 2160 iis
1028 2120 1146 2161 rebus
1183 2122 1324 2173 quibus
1352 2123 1605 2172 praestantes

118 2188 192 2228 viri
231 2182 298 2227 uti'
324 2187 512 2229 solebant
549 2201 681 2229 eorum
719 2189 905 2229 nobilitas
935 2191 976 2228 et
1009 2189 1135 2229 virtus
1165 2188 1401 2230 indicaretur
1431 2190 1480 2228 oh
1511 2190 1604 2229 alti-

118 2251 299 2296 tudinem¹
327 2252 485 2309 θρόνος
505 2258 720 2309 ⁴proprium
758 2257 886 2298 sedile
929 2259 993 2296 est
1032 2259 1074 2297 et
1105 2257 1278 2296 Deorum
1320 2262 1360 2296 et
1389 2258 1604 2309 principum

119 2324 305 2364 virorum.
365 2323 603 2375 Augebatur
639 2328 847 2379 praeterea
887 2325 974 2365 solii
1015 2325 1220 2367 altitudine
1250 2328 1388 2377 parata
1416 2326 1606 2377 maJestas

119 2391 332 2444 splendore
360 2392 540 2445 maximo,
569 2406 682 2446 quem
706 2393 868 2447 opifices
886 2392 1162 2441 adhibuerunt,
1192 2392 1294 2432 unde
1314 2388 1470 2445 θρόνος
1488 2393 1606 2433 multa

91 2458 298 2512 'epitheta
326 2459 458 2513 habet,
489 2463 611 2504 sicut:
663 2463 803 2511 ξεστός
833 2462 927 2515 (Οᾶ.
959 2461 1079 2508 XVI,
1111 2464 1227 2511 408),
1259 2459 1473 2514 εὖποίητος
1505 2462 1603 2511 (od.

119 2525 212 2580 XX,
246 2528 368 2579 150),
398 2525 654 2584 ἂργυρόηλος
683 2530 747 2582 (ll.
776 2530 931 2582 XVlll,
962 2529 1085 2584 389),
1117 2525 1256 2581 καλός,
1288 2526 1503 2577 δαιδάλεος
1533 2529 1601 2579 (ll.

120 2594 271 2648 Xvul,
300 2595 416 2648 390),
444 2595 690 2652 περικαλλές
705 2597 804 2651 (οᾶ.
824 2597 957 2650 xxii,
997 2598 1114 2651 438).
1173 2597 1393 2650 Adiectiva
1424 2594 1606 2651 φαεινός,

1278 2665 1340 2707 ¹*
