1730 2830
83 230 219 272 certas
260 230 302 270 et
342 229 576 282 perspicuas
604 230 795 270 referunt.
856 229 970 285 Quae
997 240 1079 269 cum
1109 227 1335 281 adJumenta
1364 228 1403 268 in
1431 227 1585 269 Home-

83 299 175 338 ricis
229 296 461 337 carminibus
514 299 655 338 extent
704 308 823 348 spero
865 310 925 337 me
962 297 1208 350 propositum
1246 281 1499 349 perquirendi
1544 298 1613 336 et·

85 364 331 417 explicandi,
379 375 481 418 quae
524 365 577 404 sit
615 363 801 417 supellex
845 364 1049 416 descripta
1090 364 1126 403 in
1169 363 1293 403 iliade
1328 365 1370 403 et
1399 361 1585 414 Odyssea

86 435 367 472 exsecuturum
406 444 521 482 esse,
572 432 621 471 ad
659 432 761 484 quod
804 432 1006 471 consilium
1048 432 1239 471 adductus
1277 443 1358 470 sum
1390 430 1584 480 singulari

83 498 379 551 Homericorum
431 499 636 540 carminum
685 499 954 550 praestantia,
1003 500 1041 538 in
1089 499 1230 551 quihus
1278 499 1349 538 vix
1402 497 1583 537 invenire

85 567 295 620 quidquam
345 579 579 618 possumus,
639 566 742 619 quod
791 567 1025 606 tractatione
1066 566 1227 617 dignum
1270 579 1345 607 non
1386 566 1584 607 videatur.

2 676 6 679 ,
84 633 172 690 Quo
213 636 249 674 in
290 633 482 686 opusculo
525 633 769 674 conficiendo
808 646 883 673 non
924 633 1197 684 negligendas
1239 646 1331 674 esse
1369 633 1458 673 mihi
1489 636 1584 686 puto

86 705 128 743 et
157 703 401 755 antiquorum
431 704 472 742 et
502 703 717 743 recentium
746 702 940 742 hominum
960 702 1268 742 doctissimorum
1290 702 1584 752 indagationes,

88 770 152 822 qui
183 769 292 809 multi
322 781 418 808 sese
449 770 497 808 ad
529 769 696 808 studium
728 767 1020 809 Homericorum
1048 770 1253 808 carminum
1285 770 1583 810 converterunt.

221 837 539 887 Disputationem
580 838 635 877 ita
665 837 937 877 instituendam
968 850 1062 877 esse
1095 837 1303 887 existimo,
1352 840 1394 877 ut
1422 838 1584 888 primum

88 905 137 943 de
180 904 302 955 sede,
342 905 486 944 deinde
531 904 581 944 de
621 904 751 956 lecto,
794 907 994 955 postremo
1027 906 1075 943 de
1106 904 1341 956 supellectili
1371 905 1419 943 ad
1452 915 1584 945 cenam

88 972 302 1024 pertinenti
344 973 547 1012 disseram.
629 971 703 1013 cai
742 973 888 1012 tertiae
928 972 1030 1022 parti
1073 984 1154 1011 cum
1190 972 1479 1012 adnumeranda
1516 973 1585 1012 vi-

91 1039 257 1081 deantur
292 1051 388 1079 vasa
420 1040 469 1080 ad
501 1039 687 1079 lotionem
716 1039 937 1091 spectantia
969 1037 1077 1091 (nam
1107 1040 1215 1079 cenis
1245 1039 1481 1084 antecedere
1511 1051 1579 1079 so-

90 1107 225 1152 lebant
260 1107 429 1147 lotiones
461 1108 510 1146 ct'.
546 1106 591 1147 ΙΙ.
622 1107 680 1158 X,
709 1108 794 1148 5⁷2
823 1119 937 1159 seqq.
999 1106 1073 1148 Od.
1098 1106 1151 1156 X,
1182 1107 1268 1148 :360
1297 1107 1432 1159 seqq.)
1461 1118 1585 1159 pauca

92 1176 245 1216 restant
286 1187 448 1226 quorum
494 1175 767 1217 tractationem
805 1175 854 1213 ab
894 1186 978 1216 eam
1021 1186 1197 1214 caussam
1239 1175 1433 1225 omittam,
1482 1175 1584 1226 quod

91 1243 231 1294 partim
272 1241 561 1292 simplicissima
599 1242 890 1282 constructione
928 1245 1017 1282 sunt
1055 1253 1182 1294 neque
1221 1244 1314 1292 apta
1355 1241 1404 1280 ad
1434 1253 1584 1292 cogno-

91 1310 278 1350 scendam
308 1310 428 1349 vitam
459 1309 721 1362 quotidianam
750 1308 1040 1349 Homericorum
1071 1308 1234 1349 heroum
1265 1306 1425 1360 (χηλάς,
1457 1307 1584 1349 πέλλα

91 1377 163 1424 ai.)
204 1377 345 1428 partim
386 1375 437 1416 ad
467 1378 577 1415 artes
609 1376 859 1416 exercendas
890 1373 1043 1427 (ἱστός,
1075 1372 1285 1427 ἠλακάτη)
1314 1376 1442 1427 magis
1472 1388 1583 1429 quam

94 1445 141 1485 ad
174 1443 469 1495 supellectilem
501 1444 713 1485 reserenda
744 1444 942 1484 videntur.
