1730 2830
723 67 1005 109 ...u—

113 190 362 232 enumerare,
391 180 520 220 tannen
549 190 600 219 ne
629 177 699 220 illa
727 178 885 232 quiden
911 180 1188 234 interpretatio
1217 180 1331 221 verbi
1361 175 1490 234 λέγειν
1516 181 1611 236 apta

115 250 204 300 est,
239 249 284 289 ut
309 247 535 308 conjunctio
565 258 650 291 oum
680 247 820 292 verbis
850 244 968 300 λέχος
996 251 1038 290 et
1065 245 1233 304 λέκτρον
1262 248 1478 301 appareat,
1517 249 1611 303 quia

112 315 182 355 illa
221 328 246 355 a
284 327 406 355 sensu
444 315 694 355 ena-erudi
731 314 850 366 plane
886 314 1116 356 abhorrent.
1184 315 1310 357 Recte
1349 314 1608 358 Buttmann:

112 382 263 435 (Lexil.
293 381 346 432 11,
375 395 418 436 p.
446 381 542 436 01.)
582 383 805 435 cognovit,
853 393 954 437 quae
992 394 1134 424 caussa
1163 382 1285 437 huJus
1314 383 1462 424 erroris
1490 383 1610 425 horit

111 453 230 506 atque
269 449 505 492 laudabilem
535 450 822 503 etymolog-iam
851 450 1027 504 protulit.
1086 450 1362 493 secernendus
1391 463 1485 492 esse
1513 462 1607 492 oon·

110 520 239 561 tendit
267 519 528 560 Buttmann-
555 519 594 559 ἰ·
625 519 754 559 verbo
785 516 903 567 λέξαι·
925 520 1084 562 radices
1113 521 1183 573 λεγ
1210 521 1252 560 et
1279 521 1372 572 λεχ,
1401 520 1452 560 ab
1481 519 1608 561 altera

109 588 304 639 originem
341 587 526 628 duxisse
542 588 691 639 verba,
740 587 885 641 quibus
914 588 1165 630 enumerandi
1194 590 1237 629 et
1266 587 1420 630 dicendi
1450 589 1516 629 vis
1542 589 1607 632 in-

110 657 187 708 sit,
228 667 281 695 ex
310 655 440 695 altera
467 666 568 696 vero
598 667 806 696 emanasse
833 656 985 708 verba,
1035 668 1137 710 quae
1159 656 1321 709 jacendi
1350 667 1509 699 sensum
1537 655 1607 696 lra-

108 723 242 765 boant.
314 720 439 777 Quam
466 722 692 764 Buttmanni
731 722 1009 775 conjecturam
1036 727 1200 764 secutus
1229 725 1293 764 est
1321 721 1481 765 Curtius
1510 721 1605 777 (Gr.

110 791 244 842 Etym.
282 789 357 830 No.
402 790 542 842 173),
599 791 664 843 qui
703 791 818 842 stirpi
857 792 926 841 λεχ
964 790 1014 830 ad
1054 793 1232 831 nur-terat
1271 790 1417 833 verbm
1475 788 1604 843 λέχος,

108 854 300 912 λέκτρον,
346 853 519 909 ἄλοχος,
565 854 694 910 λεχώ,
741 857 898 910 λοχεία,
949 855 1089 910 λόχος,
1137 855 1284 911 λόχμη.
1356 858 1446 900 Non
1484 871 1603 912 prae·

108 927 399 968 termittendum
429 927 589 968 videtur
618 928 782 968 verbum
802 925 930 980 λέχος,
958 928 1062 982 quod
1081 929 1118 968 in
1139 928 1423 971 recentioribus
1442 927 1603 979 scriptis

109 994 231 1034 minus
260 995 444 1035 usitatum
474 997 539 1035 est
568 1008 680 1050 quam
710 996 875 1036 verbum
906 994 1046 1047 κλίνη,
1093 997 1131 1036 in
1160 995 1321 1036 Homeri
1352 994 1601 1047 carminibus,

109 1063 247 1104 eodem
277 1063 393 1103 modo
423 1067 543 1117 atque
573 1063 668 1105 iilud
699 1064 749 1104 de
777 1065 928 1105 feretro
958 1064 1032 1104 dici
1062 1075 1209 1116 posse,
1243 1064 1280 1104 in
1311 1076 1391 1117 quo
1413 1062 1603 1116 jacebant

108 1142 276 1184 corpora
315 1133 552 1172 mortuorum
589 1143 661 1185 per
697 1132 984 1184 propositionis
1024 1133 1066 1171 et
1100 1131 1249 1173 funeris
1297 1134 1463 1184 tempus.
1531 1129 1603 1172 Sic

108 1198 320 1240 Patroclus
359 1200 560 1251 mortuus,
618 1202 830 1253 postquam
870 1199 1027 1241 lavatus
1067 1201 1109 1240 et
1147 1201 1283 1240 unctus
1321 1201 1386 1240 est
1421 1196 1600 1250 λεχέεσσι

108 1267 318 1320 imponitur
359 1266 429 1320 (ll.
461 1265 613 1318 XVlll,
644 1266 764 1320 352.)
805 1267 898 1307 item
940 1267 1126 1308 Hectoris
1165 1278 1310 1319 corpus
1350 1267 1398 1307 ab
1439 1264 1600 1307 Achille

48 1340 53 1343 ’
108 1334 264 1378 Priame
296 1346 379 1375 cnm
409 1335 562 1375 feretro
593 1335 758 1375 traditur
789 1333 857 1387 (ΙΙ.
887 1333 1039 1385 XXlV,
1067 1333 1201 1387 589.)ο
1270 1332 1459 1374 Omnibus
1486 1332 1599 1384 locis,

107 1401 173 1442 ubi
211 1403 261 1444 de
300 1403 450 1443 feretro
490 1413 618 1443 sermo
657 1405 720 1442 est
757 1402 919 1454 pluralis
957 1413 1140 1442 numerus
1179 1402 1291 1442 verbi
1322 1398 1440 1452 λέχος
1469 1401 1599 1450 extat,

107 1470 212 1525 quod
242 1482 319 1510 non
351 1473 499 1511 temere
528 1470 678 1510 fecisse
706 1472 827 1522 poeta
855 1469 1030 1510 videtur.
1095 1470 1182 1523 Non
1213 1468 1417 1521 probanda
1446 1466 1599 1507 illorum

107 1539 309 1579 sententia
349 1540 437 1591 est,
487 1539 551 1592 qui
584 1537 634 1578 de
674 1550 775 1579 vero
798 1537 905 1579 lecto
936 1538 990 1578 ibi
1019 1536 1183 1578 verbum
1212 1535 1329 1588 λέχεα
1357 1534 1601 1587 intellig-unt,

107 1619 193 1648 nam
232 1609 353 1660 poeta
380 1607 469 1660 ipse
497 1606 672 1648 Patrocli
701 1607 914 1658 feretrum,
967 1605 1070 1659 quod
1101 1604 1147 1645 ΙΙ.
1175 1603 1329 1657 xvln,
1356 1605 1454 1646 232.
1484 1601 1601 1654 λέχεα

107 1675 326 1715 nominatur
355 1672 532 1729 φέρτρον
562 1674 740 1728 appellat
770 1673 887 1728 (ibid.
921 1687 961 1715 v.
990 1673 1111 1726 236).

248 1775 467 1826 Homerus,
524 1776 588 1815 ubi
626 1776 675 1815 de
711 1775 818 1815 lecto
857 1774 1070 1815 cubiculari
1111 1773 1282 1826 loquitur
1321 1781 1517 1810 numerum
1557 1770 1598 1808 et

106 1843 346 1896 singularem
376 1841 538 1898 (λέχος)
573 1844 615 1883 et
643 1842 830 1898 pluralem
861 1840 1024 1896 (λέχεα)
1055 1839 1246 1891 adhibuit,
1264 1839 1337 1885 ,cui
1366 1838 1481 1880 vario
1511 1838 1597 1876 usui

106 1912 249 1952 nullam
279 1911 538 1951 differentiam
556 1911 692 1951 inesse
713 1911 911 1950 existimo.
959 1908 1001 1948 ln
1021 1909 1138 1949 lectis
1159 1906 1394 1947 fabricandis
1419 1915 1598 1954 magnam

107 1979 337 2021 industriam
375 1978 544 2031 positam
586 1989 680 2018 esse
708 1977 930 2030 exemplum
968 1975 1101 2017 Ulixis
1143 1976 1283 2026 docet,
1334 1973 1398 2027 qui
1439 1983 1598 2025 operam

106 2047 361 2091 construendi
402 2046 497 2088 lecti
538 2047 626 2098 ipse
665 2047 844 2099 suscepit
874 2043 973 2097 (Od.
1002 2042 1156 2103 xxm,
1189 2039 1477 2094 ise—201.)
1546 2037 1600 2082 Ut

106 2115 314 2157 immobilis
356 2115 484 2156 lectus
524 2113 662 2166 fieret,
708 2113 832 2156 locum
874 2112 1005 2164 elegit
1034 2104 1206 2152 Laertae
1234 2109 1359 2163 fliius,
1409 2120 1492 2149 cum
1523 2106 1599 2148 do-

106 2198 205 2226 mum
252 2183 528 2226 aedificaturus
579 2184 711 2234 esset,
762 2182 828 2222 ubi
868 2180 958 2221 olea
998 2180 1194 2220 eminebat
1234 2191 1257 2219 e
1295 2180 1422 2228 terra,
1472 2176 1599 2227 cujus,

106 2255 313 2307 postquam
343 2251 481 2293 saxeis
511 2250 731 2306 parietibus
761 2248 999 2290 circumdata
1030 2249 1094 2288 est
1122 2247 1261 2297 arhor,
1311 2255 1495 2285 cacumen
1524 2243 1596 2283 ab·

106 2321 246 2375 scidit,
279 2321 345 2372 lita
375 2320 442 2369 ut,
495 2318 561 2370 qui
591 2321 820 2370 superesset
850 2318 1034 2367 truncus,
1082 2327 1166 2354 eam
1197 2313 1440 2354 altitudinem
1470 2310 1599 2351 habe-

105 2390 183 2440 ret,
213 2387 251 2428 in
281 2398 392 2442 quam
422 2385 567 2427 lectum
599 2386 809 2425 exstruere
839 2381 977 2423 voluit.
1037 2381 1152 2422 Hunc
1181 2383 1354 2421 truncum
1384 2378 1434 2420 ad
1466 2389 1599 2418 amus-

106 2457 179 2496 sim
219 2453 543 2504 circumdolavit,
597 2453 652 2492 ita
691 2455 732 2492 ut
774 2449 937 2503 pulchra
975 2450 1064 2502 ejus
1102 2449 1225 2488 forma
1272 2446 1408 2497 fieret,
1456 2445 1597 2487 deinde

105 2522 280 2579 reliquas
319 2520 497 2577 spondae
537 2522 675 2574 partes
715 2518 855 2559 affixit.
924 2516 1117 2569 hig-neam
1154 2514 1344 2570 spondam
1383 2513 1601 2561 illustravit

105 2591 259 2642 aureis,
303 2585 538 2641 argenteis,
584 2587 773 2627 eburneis
799 2585 1063 2636 ornamentis,
1100 2595 1202 2636 quae
1231 2582 1424 2623 simillima
1453 2581 1598 2622 viden-

75 2675 77 2677 ·
104 2662 168 2701 tur
196 2659 321 2699 fuisse
348 2658 414 2711 iis,
444 2668 606 2712 quorum
635 2667 769 2708 supra,
800 2654 864 2694 ubi
894 2653 943 2693 de
974 2651 1090 2704 sella,
1120 2661 1222 2706 quae
1251 2649 1384 2703 κλισίη
1420 2649 1599 2704 vocatur,
