1730 2830
774 632 976 698 VITA.

225 806 431 873 Carolus
462 837 705 883 Augustus
735 837 1020 875 Franziscus
1043 837 1318 875 Theodorus
1340 837 1483 884 Vogel
1505 842 1613 875 natus

120 919 200 945 sum
223 918 255 944 a.
280 908 313 944 d.
337 908 390 943 111
411 908 500 945 Non.
523 909 596 945 Jul.
631 910 671 944 A
695 909 730 944 h.
755 919 784 945 s.
807 908 957 945 XXXIX
986 909 1156 946 Tauchae
1178 910 1217 946 in
1238 909 1389 946 districti
1411 909 1613 946 Mersebur-

117 976 240 1022 gensis
268 976 357 1012 vico.
403 975 481 1012 mic
504 977 739 1022 Augustus
763 975 908 1022 Vogel
929 980 1033 1022 pater
1055 985 1157 1012 meus
1181 976 1347 1013 sacerdos
1369 980 1466 1020 erat,
1506 976 1613 1012 Gui-

117 1044 308 1080 lelmina¹
341 1048 457 1080 mater
488 1053 509 1079 e
539 1048 645 1089 gente
674 1044 1037 1081 Hoffmanniana
1064 1045 1140 1090 jam
1169 1048 1252 1081 ante
1282 1044 1350 1081 hos
1380 1044 1470 1080 duos
1500 1054 1613 1081 annos

118 1115 231 1149 morte
254 1111 406 1157 abrepta
427 1115 492 1147 est.
539 1110 665 1148 Fidem
686 1111 856 1158 profiteor
878 1111 1127 1158 evangelicam.
1183 1111 1311 1148 Primis
1333 1112 1519 1148 literarum
1541 1112 1613 1148 ele-

118 1181 249 1217 mentis
279 1179 374 1216 domi
402 1180 561 1217 imbutus
588 1180 668 1217 fere
699 1180 784 1217 XIV
812 1191 924 1217 annos
954 1184 1061 1217 natus
1089 1179 1310 1226 gymnasium
1332 1180 1527 1217 Islebiense
1548 1190 1614 1225 per

118 1248 209 1285 duos
239 1257 354 1285 annos
383 1247 618 1294 frequentavi.
674 1248 813 1286 Deinde
846 1248 957 1285 Halas
988 1258 1045 1284 me
1068 1248 1220 1291 contuli,
1259 1247 1322 1284 ubi
1341 1246 1536 1293 discipulus
1558 1247 1613 1284 fui

116 1316 291 1362 gymnasii
321 1316 620 1362 orphanotrophei
649 1326 714 1362 per
743 1321 898 1362 quatuor
928 1326 1041 1353 annos
1070 1320 1151 1361 post
1180 1315 1275 1361 quod
1304 1319 1444 1361 tempus
1466 1315 1612 1351 maturi-

115 1383 202 1420 tatis
231 1383 437 1420 testimonio
466 1383 662 1420 instructus
693 1394 781 1419 sum.
834 1374 883 1419 Et
911 1380 1091 1428 prioribus
1123 1382 1266 1428 quidem
1296 1382 1401 1419 annis
1431 1383 1545 1419 Jenae
1576 1388 1613 1419 et

115 1450 220 1488 Halis
251 1450 371 1486 studio
401 1450 603 1503 theologiae
626 1450 766 1494 vacavi,
804 1449 933 1486 deinde
959 1459 1025 1495 per
1045 1453 1120 1486 tres
1143 1459 1258 1486 annos
1280 1449 1321 1485 G.
1343 1450 1611 1497 Bernhardy

117 1523 154 1555 et
174 1517 340 1554 Theod.
363 1517 513 1562 Bergk
535 1516 707 1562 auspiciis
729 1516 953 1562 antiquitatis
978 1516 1096 1553 studio
1119 1526 1176 1553 me
1199 1517 1301 1560 dedi,
1341 1522 1382 1553 ut
1403 1528 1476 1554 non
1499 1519 1613 1554 solum

116 1594 179 1623 eos
209 1585 351 1631 publice
383 1584 544 1630 legentes
575 1584 755 1628 audirem,
801 1584 866 1620 sed
896 1584 1005 1621 etiam
1030 1584 1230 1620 seminariis
1254 1585 1476 1630 philologieis
1499 1587 1545 1622 ab
1567 1586 1613 1621 iis

115 1652 309 1690 moderatis
339 1661 406 1697 per
436 1651 508 1688 tria
537 1650 725 1688 semestria
757 1650 894 1688 sodalis
924 1651 1127 1688 ordinarius
1161 1651 1383 1688 interessem.
1438 1652 1504 1688 His
1525 1663 1613 1698 prae

115 1721 245 1758 ceteris
275 1719 412 1766 gratias
437 1719 557 1756 refero
584 1720 774 1763 maximas,
812 1718 1025 1764 praesertim
1054 1718 1255 1756 Professori
1284 1719 1451 1765 Bergk,
1490 1719 1552 1766 qui
1574 1721 1612 1757 in

115 1787 323 1825 societatem
357 1787 608 1833 philologicam
637 1798 695 1823 me
723 1788 859 1833 recepit
881 1796 1092 1832 semperque
1115 1791 1217 1832 grato
1241 1791 1278 1823 et
1298 1787 1358 1832 pio
1381 1787 1500 1824 animo
1520 1788 1611 1824 viro·

115 1867 196 1892 rum
219 1855 505 1894 doctissimorum
527 1856 734 1893 memoriam
756 1855 926 1892 retinebo.
