1730 2830
713 141 989 184 -33-

110 249 345 314 disputatum
375 257 454 310 est,
483 255 549 295 ubi
579 254 631 295 de
659 254 813 306 poculis
843 255 1012 296 tractavi
1041 256 1081 295 in
1110 254 1329 308 tripodibus
1352 253 1497 294 deesse
1516 265 1592 294 non

108 326 341 385 potuerunt,
379 323 469 379 quia
497 334 598 377 aqua
624 322 772 376 impleti
801 322 1023 376 ponderosi»
1043 323 1101 364 iIIi
1132 325 1246 365 erant
1276 323 1345 376 (ct.
1367 320 1417 366 ΙΙ.
1436 319 1592 373 ΧΧΙΙῙ,

107 398 228 446 254.)
275 393 455 448 quodque
500 390 660 432 flammis
699 392 909 432 fervefacti
946 393 996 433 ab
1035 393 1121 445 igni
1161 392 1358 433 removeri
1398 391 1484 445 sine
1513 389 1592 430 illis

109 461 339 517 adjumentis
374 472 449 501 non
488 461 717 513 potuerunt.
785 457 846 499 Ob
884 456 1016 501 οὔατα
1044 461 1133 501 sive
1163 453 1268 506 ὦτα,
1309 461 1364 500 ita
1394 459 1493 499 enim
1522 471 1590 498 an-

109 544 179 573 sae
219 529 341 584 vulgo
380 528 624 570 nominantur
654 527 892 580 adject1vum
932 523 1084 577 ὠταέις
1109 529 1235 570 verbo
1264 524 1433 582 τρίπους
1462 539 1591 581 appo-

108 600 210 642 nitur
239 596 284 638 11.
315 595 467 637 XXIII.
498 598 592 638 264.
640 635 643 636 γ
726 622 731 627 1

238 663 334 705 Alia
366 676 486 717 vasa,
529 675 630 717 quae
660 664 822 716 praeter
852 663 1031 717 tripodes
1061 664 1112 704 ad
1142 662 1383 718 coquendum
1416 663 1458 702 et
1488 660 1591 702 cale-

108 733 324 774 faciendum
363 733 616 774 instituuntur
644 734 736 772 sunt
762 731 943 784 lebetes,
990 745 1068 773 non
1096 733 1199 773 sicut
1227 732 1285 772 illi
1316 731 1486 783 pedibus
1515 742 1593 770 ex-

107 801 267 853 structi,
313 800 383 841 sed
424 800 580 854 quoties
618 800 657 840 in
694 812 803 840 usum
831 800 993 840 veniunt
1027 801 1305 852 componuntur
1334 812 1416 840 cum
1444 799 1494 838 iis
1522 798 1594 838 tri-

108 868 299 921 podibus,
348 868 490 921 quibus
529 880 629 908 aena
667 867 788 907 affixa
827 880 903 907 non
940 870 1043 908 sunt.
1111 869 1260 919 Poeta,
1306 868 1369 907 ubi
1397 869 1594 906 certamen

108 935 254 976 Xanthi
301 934 466 976 fluminis
517 936 559 974 et
603 934 833 974 flammarum
882 947 906 973 a
943 934 1120 975 Vulcano
1168 938 1353 976 motarum
1392 934 1594 985 describit,

110 1004 436 1057 comparationem
465 1003 560 1043 facit
589 1015 672 1043 cum
700 1002 833 1043 lebete
863 1002 980 1054 adipe
1011 1004 1196 1043 fervente
1226 1003 1384 1055 impleto
1415 1000 1459 1041 Il.
1480 999 1592 1053 XXI,

109 1071 193 1114 362
213 1083 326 1124 seqq.
395 1070 442 1111 Si
480 1071 602 1111 minor
641 1070 795 1124 quidem
835 1069 909 1124 (cf.
939 1070 983 1111 II.
1015 1069 1166 1123 XXIII,
1194 1073 1291 1114 264.
1317 1069 1443 1123 ³268.)
1472 1072 1513 1110 et
1531 1069 1594 1109 'ob

110 1138 149 1178 id
189 1138 305 1178 vilior
342 1138 455 1179 lebes
492 1151 605 1192 quam
646 1138 772 1190 tripus
812 1138 937 1178 fuisse
974 1138 1159 1190 videtur,
1213 1138 1442 1191 plerumque
1481 1138 1594 1188 enim,

110 1206 175 1246 ubi
205 1206 363 1247 lebetes
394 1209 435 1247 et
463 1207 645 1259 tripodes
673 1207 829 1246 xenium
859 1209 926 1246 aut
954 1206 1057 1247 aliud
1089 1207 1228 1247 donum
1257 1205 1451 1257 efficiunt,
1499 1205 1593 1245 illo-

109 1286 191 1314 rum
220 1286 400 1315 numerus
429 1274 548 1315 multo
580 1275 702 1326 major
732 1287 825 1315 esse
856 1274 960 1314 solet
979 1274 1049 1327 (ΙΙ.
1073 1273 1145 1326 ΙΧ,
1178 1274 1272 1316 123.
1303 1272 1454 1325 XXIV,
1475 1273 1595 1326 233.)

110 1342 229 1382 nihilo
262 1343 386 1383 minus
426 1345 553 1383 tamen
582 1342 737 1383 lebetes
769 1343 908 1393 exigui
939 1343 1055 1394 pretii
1085 1342 1257 1383 habendi
1286 1354 1362 1381 non
1393 1344 1505 1392 sunt,
1554 1344 1596 1380 ut

95 1410 332 1463 exemplum
362 1411 425 1450 est
453 1409 521 1449 ille
550 1408 690 1461 lebes,
729 1422 842 1463 quem
873 1409 1051 1451 Achilles
1080 1411 1221 1450 hastae
1252 1410 1473 1450 vibratione
1503 1408 1595 1448 reli-

112 1489 211 1530 quos
251 1478 452 1529 superanti
492 1478 686 1529 promittit
723 1477 770 1517 ll.
809 1476 961 1530 XXIII,
989 1480 1074 1520 885
1091 1490 1177 1534 seq.
1245 1478 1393 1518 Ibidem
1434 1477 1594 1517 verbum

111 1540 352 1598 ἇνθεμόεις,
401 1546 451 1586 de
491 1558 568 1599 quo
609 1558 729 1598 supra
768 1546 969 1598 disputavi
1010 1545 1254 1586 demonstrat
1289 1545 1391 1585 hunc
1425 1545 1595 1586 lebetem

112 1612 312 1652 caelatura
358 1615 534 1667 ornatum
564 1607 729 1666 ¹fuisse,
786 1626 914 1667 neque
954 1614 1084 1654 mirari
1123 1613 1333 1664 debemus,
1388 1613 1494 1666 quod
1534 1615 1597 1653 est

112 1679 188 1720 iste
215 1679 364 1733 lebes,
400 1683 443 1721 ut
472 1684 638 1733 apparet
667 1694 719 1722 ex
747 1682 873 1722 verbo
905 1678 1063 1734 ἄπυρος
1090 1694 1164 1721 vas
1186 1681 1474 1734 coquinarium,
1514 1693 1596 1720 cum

105 1746 188 1798 jam
227 1750 344 1788 antea
383 1752 564 1801 spectata
604 1750 656 1790 sit
694 1748 864 1790 Achillis
903 1762 1032 1789 rerum
1064 1750 1207 1788 eximie
1236 1751 1498 1801 pretiosarum
1528 1749 1594 1800 (Il.

110 1812 263 1866 XXIII,
293 1817 372 1857 741
394 1817 531 1870 seqq.)
571 1816 819 1857 abundantia.
888 1817 928 1856 A
967 1816 1190 1868 lebetibus,
1238 1818 1303 1870 qui
1344 1819 1394 1857 ad
1425 1828 1595 1870 coquen-

110 1880 196 1921 dum
227 1886 463 1934 usurpantur
493 1884 769 1936 sejungendae
795 1887 887 1924 sunt
915 1896 986 1924 eae
1005 1884 1174 1937 pelves,
1223 1897 1380 1938 quarum
1407 1898 1513 1924 usum
1545 1896 1598 1924 ex

111 1947 298 2000 Odyssea
332 1953 611 2003 cognoscimus
650 1964 828 2006 quaeque
868 1954 910 1993 et
943 1952 993 1992 ad
1022 1964 1157 1992 manus
1179 1951 1278 2005 (Od.
1311 1955 1342 2004 1,
1375 1952 1456 1993 136
1486 1952 1596 2006 seq.)

111 2017 152 2057 et
181 2016 231 2056 ad
260 2018 389 2069 pedes
419 2019 520 2072 [od.
550 2019 664 2072 XIX,
691 2019 815 2074 386.)
845 2020 1035 2060 lavandos
1066 2020 1312 2060 adhibentur.
1343 2019 1431 2059 Non
1462 2032 1597 2060 carere

110 2085 322 2135 potuerunt
358 2085 535 2127 homines
566 2087 646 2127 illis
675 2088 915 2140 temporibus
941 2088 1088 2138 crebr's
1117 2100 1291 2128 manuum
1319 2086 1531 2128 lotionibus
1559 2088 1599 2128 in

112 2152 308 2205 cenando⁸
333 2154 437 2206 quod
466 2156 613 2208 antiqui
641 2154 784 2195 Graeci
813 2154 990 2196 furcillas
1019 2168 1097 2196 non
1125 2155 1338 2208 habebant,
1368 2156 1442 2196 sed
1472 2156 1598 2197 cibum

111 2221 153 2258 et
183 2230 319 2260 carnes
348 2220 489 2272 digitis
519 2222 832 2275 prehendebant.
892 2223 945 2264 Ut
973 2224 1012 2263 in
1041 2225 1178 2264 nostro
1209 2224 1295 2265 loco
1315 2221 1416 2276 (Οὐ.
1435 2222 1468 2272 Ι,
1495 2222 1597 2276 136)

112 2286 227 2326 etiam
263 2287 393 2329 multis
422 2289 510 2330 aliis
540 2291 639 2331 locis
671 2289 769 2343 (Od.
798 2290 871 2342 IV,
900 2291 995 2342 53„
1025 2292 1113 2344 VII,
1147 2293 1240 2334 173.
1270 2291 1342 2345 al.)
1374 2293 1597 2342 argenteus

112 2355 178 2393 est
217 2352 330 2393 lebes
370 2356 411 2395 et
448 2355 585 2398 hirnea
613 2370 757 2407 aurea,
808 2370 922 2412 quem
951 2358 1084 2400 luxum
1116 2371 1349 2400 communem
1379 2358 1598 2399 hominibus

110 2419 378 2475 locupletibus
425 2424 551 2465 fuisse
597 2427 797 2479 existimo,
876 2428 920 2467 In
959 2428 1181 2468 memoriam
1218 2430 1391 2469 nostram
1429 2427 1600 2468 redeunt

110 2488 284 2529 Menelai
323 2485 520 2544 ἀργύρεαι
557 2490 788 2546 ἀσάμινθοι
797 2525 810 2546 ,
859 2495 893 2534 si
931 2507 1078 2536 aeneus
1118 2495 1230 2537 lebes
1266 2496 1316 2536 ad
1359 2495 1489 2536 Ulixis
1526 2509 1598 2548 po—

112 2555 293 2609 daniptra
321 2556 536 2600 instituitur
566 2560 641 2602 Od.
664 2561 780 2613 XIX,
801 2564 914 2616 386„
944 2576 1031 2604 nam
1062 2564 1242 2605 dubitare
1271 2576 1347 2605 non
1376 2572 1600 2617 possumus,

112 2625 204 2679 quin
234 2624 302 2665 ille
332 2625 456 2666 forma
485 2628 605 2669 fuerit
631 2630 822 2671 simillima
850 2633 1126 2683 argenteorum
1155 2632 1330 2673 Menelai
1360 2631 1569 2672 labrorum.

249 2691 417 2735 Minoris
455 2697 575 2748 pretii
616 2709 730 2751 quam
766 2696 890 2753 λέβης
929 2711 1020 2741 esse
1051 2699 1158 2742 solet
1188 2698 1343 2756 φιάλη,
1393 2700 1498 2755 quod
1529 2699 1594 2741 lir-

112 2763 238 2803 matur
266 2759 316 2806 n.
344 2761 496 2814 XXIII,
525 2764 610 2806 267
626 2777 768 2820 seqq.x
