1730 2830
113 209 262 267 δίφρος
297 212 465 263 positam
506 223 599 253 esse
637 225 711 264 pro
752 213 877 254 verbo
922 212 1112 270 δίφορρς,
1149 219 1245 255 'uam
1282 216 1500 256 verisimile
1523 217 1605 257 ..est

113 279 214 319 haec
248 278 389 319 sedilIa
418 281 541 332 saepe
572 280 627 320 ita
656 281 880 321 constructa
910 293 1025 333 esse,
1075 283 1118 322 ut
1148 281 1225 322 duo
1256 280 1430 323 homines
1463 283 1611 324 eodem*

113 349 290 400 tempore
319 347 374 387 ibi
405 347 615 388 considere
646 350 823 400 possent.
885 349 1022 390 Talem
1054 349 1190 390 sellam
1220 351 1314 402 puto
1345 350 1472 391 fuisse
1495 363 1601 397 eam,

113 414 164 454 de
193 426 270 469 qua
299 414 453 465 legitur
482 415 584 468 apud
613 414 867 456 Menandrum
899 415 1109 471 [Meineke
1140 417 1206 457 Fr.
1239 416 1479 473 ccxan:
1555 416 1557 418 ’

306 480 531 535 'Exci-‘hyn’
563 482 628 524 ἐπὶ
660 482 810 538 δίφρου
837 483 976 538 μήτηρ
1005 499 1048 525 τε
1078 484 1145 524 καὶ
1176 484 1400 539 παρθένος.

254 550 488 592 Consentire
526 564 671 592 mecum
713 553 898 593 existimo
939 553 1229 604 grammaticum
1270 565 1293 593 a
1324 564 1400 606 quo
1438 552 1505 604 (E.
1545 551 1603 592 M.

111 620 210 670 275,
240 619 334 670 38.)
361 619 570 660 Menandri
602 621 727 660 verba
756 621 924 661 citantur
955 626 1003 660 eo
1034 620 1232 672 loco‚>ubi
1274 619 1421 674 δίφρος
1450 622 1596 660 tracta-

112 690 197 738 tur,
254 688 317 740 qui
354 689 527 739 speciem
570 687 708 729 sedilis
747 689 927 740 praebet.
1011 687 1271 728 Nihilominus
1314 687 1436 727 etiam*
1467 686 1604 741 δίφροι

113 755 248 795 vocari
278 757 490 808 potuerunt
520 767 567 795 ea
597 755 762 807 sedilia,
813 767 912 810 quae
941 757 1085 795 minora
1116 759 1251 807 erant,
1290 767 1402 809 quam
1432 757 1473 794 ut
1505 754 1605 795 duos

112 822 288 863 homines
327 823 437 862 simul
479 824 670 875 excipere
709 826 898 874 possent,
948 823 1020 863 sed
1063 824 1111 863 ab
1151 824 1229 863 illis
1271 822 1523 875 amplioribus
1554 823 1604 863 ob

111 890 399 931 similitudinem
440 891 629 944 quandam
670 903 809 931 nomen
845 894 1094 944 acceperunt.
1174 890 1371 931 Athenaei
1411 892 1606 932 sententia

113 957 293 999 viliorem
334 960 458 1000 fuisse
498 957 647 1013 δίφρον
678 971 789 1012 quam
821 956 993 1010 κλισμόν
1024 963 1066 999 et
1098 956 1254 1013 θρόνον
1285 958 1336 998 ob
1370 970 1453 998 eam
1485 970 1604 1000 caus-

112 1039 193 1067 sam
231 1028 400 1068 maxime
440 1027 661 1080 probabilis
703 1029 789 1077 est,
839 1027 941 1080 quod
983 1027 1081 1067 haec
1113 1027 1215 1067 sella
1245 1026 1495 1067 reclinatorio
1524 1038 1603 1066 ex-

111 1096 261 1135 structa
304 1095 429 1135 fuisse
458 1107 534 1134 non
567 1095 750 1146 videtur,
797 1098 839 1135 ut
869 1095 1020 1134 omnino
1052 1094 1202 1148 δίφρου
1232 1095 1354 1134 minor
1385 1095 1470 1135 erat
1499 1107 1603 1136 com-

111 1164 280 1204 moditas
322 1175 434 1216 quam
474 1162 635 1202 aliorum
671 1162 863 1202 sedilium.
938 1162 1106 1204 Accedit
1147 1163 1193 1202 ad
1236 1163 1272 1202 id
1315 1162 1420 1215 quod
1461 1161 1603 1202 humile

111 1231 239 1272 sedile
267 1232 341 1272 fuit
366 1229 539 1285 δίφρος,
571 1243 656 1270 nam
686 1243 873 1283 nusquam
906 1231 944 1270 in
975 1231 1137 1271 Homeri
1169 1230 1402 1271 carminibus
1433 1229 1604 1280 legimus

110 1300 160 1340 ad
191 1298 340 1354 δίφρον
369 1299 592 1350 appositum
623 1310 713 1338 esse·
743 1299 978 1350 scabellum,
1019 1299 1119 1352 quod
1152 1299 1188 1338 in
1222 1297 1428 1347 altioribus
1459 1298 1604 1339 sedili-

109 1368 182 1407 bus
212 1367 478 1408 necessarium
508 1366 606 1416 fuit,
654 1377 774 1418 quare
803 1366 905 1406 haud
936 1367 1055 1406 multa
1086 1367 1248 1406 materia
1278 1379 1378 1419 opus
1411 1370 1522 1419 erat,
1569 1369 1602 1407 si

109 1436 208 1488 quis·
230 1434 378 1489 δίφρον
409 1434 603 1475 fabricare
633 1434 771 1473 voluit.
832 1434 970 1488 Neque
1002 1446 1049 1473 ea
1079 1447 1144 1473 res
1176 1435 1454 1475 dubitationem
1490 1436 1602 1476 nobis

109 1503 254 1544 afferre
294 1502 439 1554 debet,
492 1501 594 1555 quod
638 1500 712 1541 od.
753 1501 865 1553 XXI,
910 1503 986 1543 177
1023 1500 1170 1556 δίφρος
1208 1503 1423 1543 nominatur
1461 1501 1601 1556 μέγας,

108 1583 194 1611 nam
233 1570 301 1610 ille
331 1569 480 1624 δίφρος
510 1582 622 1622 quum
656 1569 894 1609 Melanthius
925 1569 1100 1610 Antinoo
1131 1570 1269 1622 affert,
1316 1583 1484 1622 magnus
1515 1573 1600 1612 tau·

109 1642 187 1679 tum
219 1640 355 1689 extat,
388 1639 420 1678 si
453 1638 691 1689 comparatio
721 1637 935 1680 instituitur
966 1649 1047 1677 cum
1079 1638 1283 1689 sedilibus,
1313 1651 1412 1692 quae
1443 1639 1600 1679 formam

109 1705 260 1760 δίφρου
297 1705 455 1747 habent.
525 1705 638 1760 Quod
680 1705 726 1744 ad
767 1707 940 1745 ornatum
977 1706 1138 1757 attinet,
1198 1706 1414 1746 cavendum
1451 1710 1513 1747 est
1552 1719 1601 1746 ne

109 1775 341 1814 arbitremur
381 1775 522 1813 minimi
552 1773 670 1825 pretii
701 1773 826 1812 fuisse
858 1771 1029 1825 δίφρον,
1077 1774 1151 1813 sed
1181 1773 1409 1827 plerumque
1440 1775 1600 1827 specio-

107 1855 175 1882 sus
213 1841 280 1882 ille
321 1842 415 1895 suit,
459 1841 563 1882 unde
604 1840 779 1893 epitheta
820 1843 906 1880 orta
946 1843 1058 1882 sunt:
1107 1837 1295 1889 εὕξεστος
1333 1840 1429 1893 (Od.
1471 1841 1600 1893 xvii,

106 1908 225 1963 602.)
259 1912 299 1949 et
329 1905 575 1961 περικαλλής
603 1907 699 1960 (od.
731 1906 824 1958 XX,
855 1907 987 1960 382).
1059 1908 1329 1960 Excipiendus
1359 1912 1424 1949 est
1453 1908 1601 1963 δίφρος

110 1976 241 2018 Ulixis
282 1977 472 2028 mendici,
521 1977 585 2030 qui
624 1974 722 2029 [od.
753 1974 846 2027 XX,
886 1974 992 2029 ²59]
1024 1972 1445 2028 &tinihec-vocatur,
1497 1977 1601 2018 tales

108 2056 207 2085 vero
239 2045 363 2085 sellae
383 2046 531 2098 pariter
548 2057 663 2084 rarae
682 2047 793 2084 erant
812 2045 849 2083 in
868 2043 1112 2096 anNdronitide
1130 2043 1261 2084 Ulixis
1281 2047 1401 2099 atque
1423 2046 1599 2097 exiguae

107 2126 289 2164 mensae,
339 2113 467 2166 qualis
505 2112 676 2153 Laertae
714 2113 792 2152 filio
834 2113 1043 2164 apponitur
1083 2125 1106 2151 a
1149 2111 1405 2154 Telemacho.
1475 2110 1599 2154 Etiam

107 2193 161 2221 ex
203 2192 250 2221 ea
290 2193 333 2220 re
374 2181 550 2222 concludi
592 2183 748 2234 potest,
799 2182 1031 2219 contemtum
1073 2178 1148 2223 hoc
1186 2180 1312 2220 sedile
1355 2192 1429 2220 non
1461 2181 1598 2233 fuisse,
1683 2225 1686 2228 Δ

106 2249 208 2302 quod
251 2248 404 2289 Helena
445 2249 658 2290 Hectorem
703 2247 909 2288 considere
935 2247 1051 2299 jubet
1082 2246 1151 2299 [ll.
1185 2246 1255 2299 vi,
1287 2246 1406 2296 354.)
1439 2246 1502 2288 ἐπὶ
1533 2247 1599 2288 δί-

107 2330 224 2371 φρῳ,
264 2315 362 2357 'nam
403 2321 534 2357 notum
576 2319 662 2369 est,
711 2328 824 2370 quem
866 2328 1033 2355 amorem
1076 2318 1117 2355 et
1156 2315 1432 2357 verecundiam
1473 2317 1598 2356 'mariti

105 2385 240 2425 fratris
269 2385 553 2425 illahabuerit
584 2384 656 2437 (cf.
682 2384 727 2424 11.
757 2382 907 2434 XXlV,
938 2385 1034 2424 762.
1064 2383 1202 2436 775).
1264 2384 1483 2423 Admodum
1514 2384 1598 2425 ele-

107 2464 211 2504 gans
249 2453 323 2492 fuit
353 2451 502 2506 δίφρος
532 2455 574 2492 et
603 2451 872 2505 locupletioris
904 2452 1049 2490 tantum
1077 2451 1310 2491 conditionis
1339 2450 1530 2490 hominum
1561 2453 1597 2491 in

103 2520 272 2561 aedibus
315 2520 438 2561 locum
468 2519 627 2571 habuit,
679 2522 734 2560 ita
777 2522 820 2559 ut
859 2519 1053 2559 Eumaeus
1089 2531 1139 2558 ne
1170 2517 1409 2559 Telemacho
1445 2519 1598 2573 quidem

103 2588 241 2630 sellam
272 2587 432 2629 offerret
455 2587 557 2641 (od.
580 2587 690 2640 XVl‚
722 2587 828 2641 4⁸7),
861 2587 934 2626 sed
964 2586 1030 2626 ille
1062 2587 1096 2625 in
1128 2586 1277 2626 subulci
1307 2588 1466 2639 tugurio
1498 2600 1598 2628 com·

103 2669 258 2698 morans
299 2658 509 2698 contentus
539 2668 631 2697 esse
663 2655 832 2696 deberet
861 2657 1001 2706 strage
1032 2658 1334 2707 sarmentorum,
1386 2655 1447 2697 cui
1478 2654 1599 2708 pellis

103 2728 252 2780 injecta
283 2729 380 2768 erat.
460 2726 597 2780 ltaque
644 2725 926 2779 quodammodo
959 2724 1180 2765 divitiarum
1214 2728 1275 2764 est
1307 2724 1515 2775 indicium,
1564 2724 1598 2763 si
