1730 2830
120 198 162 237 ut
192 196 322 236 offerri
352 197 522 248 possent
551 197 798 250 cenantibus,
830 210 932 251 quae
959 197 1304 241 commemorantur
1332 209 1356 237 a
1383 198 1507 249 poeta
1532 194 1612 239 od.

119 262 152 315 1,
189 264 280 304 141.
310 261 382 315 lv,
410 264 493 305 54:

334 329 503 384 δαιτρὸς
534 329 579 371 δὲ
601 333 747 385 κρειῶν
777 330 952 379 πίνακας
981 330 1219 384 παρέθηκεν
1249 328 1402 385 ἀείρας.

255 397 342 439 Jam
373 397 596 439 luculenter
626 398 883 440 Buttmannus
914 397 1142 450 (Ausfiibrl.
1173 397 1386 440 Grammat.
1417 397 1458 451 l,
1487 409 1526 450 p.
1557 398 1615 439 ⁷4

121 465 225 517 not.)
266 465 489 517 explicavit
528 467 693 506 verbum
733 466 856 515 πίναξ
895 467 998 506 idem
1029 477 1122 506 esse
1152 468 1272 519 atque
1301 462 1420 514 πλάξ.
1477 463 1613 518 Atque

121 533 248 585 lignei
278 532 450 574 heroicis
480 535 723 587 temporibus
752 533 918 583 πίνακες
949 534 1124 575 vitentur
1153 533 1293 582 fuisse,
1324 535 1367 574 ut
1396 533 1455 574 ait
1469 531 1614 575 Eusta-

121 603 227 642 thius
258 603 306 642 ad
339 602 416 643 Od.
441 601 473 654 1,
511 604 611 657 ¹413
641 601 806 650 πίνακες
833 600 909 655 μὲν
938 601 992 643 τὰ
1013 599 1077 643 ἐπὶ
1096 600 1299 656 τραπέζης
1315 597 1458 650 ξύλινα
1478 597 1614 654 σκεύη.

262 670 351 710 Hae
381 671 504 722 igitur
534 681 710 721 mensae,
741 681 843 723 qnae
875 672 1068 711 vocantur
1096 674 1230 723 κρεῖον
1261 671 1303 710 et
1331 665 1442 717 ἔλεός
1469 669 1614 709 nonIn

121 740 256 791 cenis,
304 739 374 779 sed
405 739 444 778 in
472 738 758 792 praeparendis
788 738 969 779 carnibus
999 737 1309 790 adhibebantur,
1349 732 1452 779 unde
1476 735 1615 788 colligi

122 809 272 859 potest,
302 807 502 859 simplices
533 809 575 847 et
603 808 805 847 inornatas
823 819 891 847 eas
915 807 1054 859 fuisse,
1089 809 1129 847 ut
1148 808 1332 847 convenit
1352 806 1485 857 rebus,
1516 816 1616 858 quae

121 876 158 915 in
201 874 318 914 talem
350 874 729 916 administrationem
770 877 1066 918 convertuntur.
1126 874 1246 915 Nollo
1282 874 1394 915 modo
1433 872 1616 914 confundi

122 943 273 983 debent
302 947 436 997 κρεῖον
467 946 508 983 et
538 939 648 990 ἔλεός
679 954 761 982 cum
793 954 840 982 ea
870 955 1019 994 mensa,
1049 943 1111 984 cui
1143 940 1374 982 assidebant
1396 941 1617 993 epulantes,

121 1023 302 1064 quaeque
333 1007 514 1063 τράπεζα
545 1013 721 1050 vocatur.
781 1010 870 1050 Non
903 1011 1050 1050 varium
1081 1022 1213 1061 usum,
1253 1008 1405 1062 qualem
1435 1010 1474 1049 in
1504 1008 1617 1049 sedi-

121 1078 224 1118 libus
264 1077 652 1117 commemoravimus
692 1078 914 1130 praebebat
953 1074 1154 1131 τράπεζα,
1202 1076 1275 1116 sed
1315 1075 1364 1116 ad
1405 1075 1616 1116 cenandum

122 1147 345 1198 expressim
378 1145 572 1186 fabricata
603 1147 716 1194 erat,
755 1146 859 1198 quod
893 1157 941 1186 ea
971 1145 1136 1195 negotia
1167 1145 1205 1184 in
1236 1144 1377 1197 quibus
1408 1133 1615 1185 conficien-

121 1214 183 1254 dis
222 1226 295 1254 nos
336 1211 491 1266 quidem
523 1225 682 1253 mensae
713 1213 988 1253 commoditate
1015 1224 1150 1253 carere
1179 1224 1255 1253 non
1287 1223 1500 1264 possumus
1526 1211 1617 1252 Ho-

121 1282 276 1322 mericis
305 1281 495 1321 heroibus
526 1283 668 1332 ignota
698 1283 869 1322 fuerunt.
930 1281 1105 1321 Formam
1136 1292 1295 1321 mensae
1319 1281 1401 1333 jam
1420 1279 1499 1320 illis
1521 1281 1618 1320 tem—

120 1349 285 1402 poribus
315 1348 610 1403 quadrupedem
642 1349 769 1390 fuisse
802 1350 955 1390 nomine
985 1345 1166 1401 τράπεζα
1189 1347 1385 1401 proditum
1407 1351 1485 1398 est,
1517 1359 1618 1402 quae

121 1421 185 1457 est
216 1418 379 1457 brevior
407 1417 531 1456 forma
560 1430 631 1469 pro
658 1416 883 1470 τετράπεζα
913 1417 981 1465 (Ε.
1012 1415 1068 1456 Μ.
1089 1415 1207 1464 763.)
1240 1417 1456 1468 composita
1476 1428 1500 1456 e
1519 1427 1618 1457 ver-

125 1485 187 1525 bis
227 1482 419 1539 τίτταρες
462 1486 503 1525 et
543 1479 672 1534 πεζός.
732 1483 943 1535 Oblongas
975 1484 1099 1523 fuisse
1126 1494 1280 1525 mensas
1310 1483 1482 1524 nonnulli
1510 1482 1616 1524 docti

122 1554 197 1592 viri
239 1552 480 1602 (Terpstra:
532 1555 629 1591 Ant.
659 1552 773 1591 Hom.
802 1565 840 1603 p.
873 1549 990 1602 155.)
1030 1551 1272 1591 contendunt
1311 1550 1510 1591 Eustatbii
1548 1551 1617 1602 (ad

121 1619 197 1660 Od.
228 1619 261 1670 l,
298 1618 389 1670 133,
419 1617 473 1670 X,
505 1617 609 1668 370)
640 1619 910 1674 auctoritatem
940 1618 1082 1669 secuti,
1113 1619 1204 1671 quia
1233 1618 1282 1659 de
1301 1630 1437 1660 mensa
1454 1618 1617 1660 dicitur:

119 1684 316 1727 ἐτάνυσσε
334 1685 429 1735 (od.
451 1685 483 1737 l,
518 1686 629 1737 138),
659 1685 828 1726 ἐτίταινε
851 1685 952 1738 (od.
974 1685 1030 1737 X,
1061 1687 1180 1737 23:³4.)
1202 1684 1434 1740 ἐπιπροΐηλε
1453 1685 1523 1738 (ΙΙ.
1541 1684 1618 1737 Xl,

119 1757 252 1806 6280,
283 1765 410 1807 neque
432 1753 510 1794 ulla
531 1765 674 1795 caussa
693 1755 821 1807 extat,
841 1756 883 1795 ut
900 1752 1001 1795 banc
1020 1753 1257 1795 senteutiam
1277 1765 1439 1807 prorsus
1456 1752 1617 1795 refella-

119 1835 216 1873 mus,
249 1824 290 1862 at
319 1834 341 1861 e
373 1821 507 1860 verbis
526 1820 606 1859 illis
631 1821 735 1861 nullo
755 1821 868 1861 modo
890 1821 1085 1872 colligere
1105 1833 1328 1873 possumus,
1355 1823 1507 1862 remita
1524 1833 1618 1861 sese

118 1890 284 1941 habere,
315 1888 418 1943 quod
450 1890 493 1930 ut
520 1892 630 1930 recte
653 1889 798 1930 monuit
820 1888 1048 1931 Nitzscbius
1069 1887 1142 1942 (ad
1166 1888 1241 1932 Od.
1261 1889 1294 1941 Ι,
1328 1888 1440 1942 138.)
1464 1887 1617 1942 verba:

120 1954 297 2004 τανύειν,
328 1955 521 1995 τιταίνειν
542 1953 844 2009 ἐπιπροὶοίλλειν
865 1956 1041 1997 indicare
1063 1959 1209 1996 tantum
1232 1958 1412 2008 possunt,
1440 1967 1520 1996 rem
1541 1956 1617 1996 ali-

120 2038 233 2079 quam
263 2025 448 2076 maJorem
479 2036 587 2075 esse,
618 2024 652 2063 si
682 2025 720 2064 in
749 2026 857 2065 terra
886 2026 1055 2076 ponatur
1074 2025 1113 2066 in
1135 2024 1420 2076 longitudinem
1443 2037 1555 2079 quam
1577 2024 1617 2064 in

117 2092 361 2133 altitudinem
391 2092 441 2132 ad
472 2104 584 2145 quam
613 2092 981 2144 interpretationem
1003 2093 1301 2134 confirmandam
1318 2093 1394 2132 duo
1413 2093 1616 2144 aptissima

121 2161 306 2213 exempla
346 2158 441 2213 (Οὐ.
473 2158 543 2211 lv,
598 2159 692 2202 135.
731 2158 826 2212 XV,
878 2160 1000 2214 283.)
1039 2160 1185 2213 adjecit
1224 2159 1462 2203 Nitzschlus.
1523 2159 1616 2201 Alia

120 2229 331 2269 difficultas
361 2227 405 2268 fit
435 2227 485 2267 de
515 2240 674 2269 mensae
704 2228 842 2280 forma,
871 2241 957 2268 nam
987 2228 1037 2269 ad
1069 2229 1375 2280 magnitudinem
1405 2229 1494 2281 ejus
1523 2240 1615 2282 per-

118 2299 237 2348 tinet,
294 2297 328 2336 si
379 2297 599 2349 quaeritur,
657 2298 781 2337 utrum
831 2298 1100 2351 unusquisque
1148 2298 1369 2340 cenantium
1417 2297 1614 2349 propriam

118 2378 287 2406 mensam
329 2364 512 2405 hahuerit
549 2377 598 2404 an
642 2364 820 2416 pluribus
860 2366 1071 2406 communis
1112 2365 1291 2418 ejusdem
1332 2376 1491 2406 mensae
1521 2377 1614 2404 usus

118 2435 252 2485 fuerit,
283 2445 360 2486 qua
391 2433 441 2472 de
470 2444 514 2472 re
545 2432 646 2473 idem
679 2433 899 2485 disputavit
928 2433 1159 2475 Nltzschius
1190 2434 1239 2475 ad
1260 2432 1391 2485 0d.1,
1425 2433 1610 2486 losseq.

115 2501 293 2542 Priorem
325 2500 562 2540 sententiam
594 2500 872 2552 comprobavit
901 2501 1138 2542 Athenaeus
1168 2501 1199 2554 l,
1230 2515 1267 2554 p.
1303 2501 1366 2553 ¹3,
1397 2500 1447 2541 d:
1488 2495 1614 2542 Ἐκά-

118 2584 204 2624 στῳ
246 2567 290 2607 δὲ
326 2570 409 2607 τῶν
441 2564 700 2619 δαιτυμόνων
739 2566 832 2622 παρ’
860 2564 1036 2625 “Ομήρῳ
1066 2568 1344 2624 παρατίθεται
1375 2564 1519 2610 κάνεον
1546 2567 1614 2609 καὶ

117 2632 298 2689 τράπεζα
336 2634 403 2675 καὶ
442 2633 574 2686 δέπας
608 2639 726 2690 atque
768 2636 896 2678 multis
930 2636 1226 2678 Homericorum
1267 2637 1482 2679 carminum·
1515 2636 1613 2678 locis

117 2696 155 2743 id
186 2703 399 2744 confirmari
430 2703 620 2755 videtur,
645 2716 730 2744 nam
760 2704 979 2756 complures
1009 2717 1168 2746 mensae
1198 2706 1544 2747 commemorantur
1574 2706 1612 2744 in
