1730 2830
703 124 760 132 -.
819 102 874 146 107
930 123 983 134 .-

44 239 46 241 ·
104 221 287 278 dispositi
327 217 474 264 enat,
507 214 705 266 hospitum
735 215 872 255 contra
901 214 1079 265 cubicula
1107 216 1288 263 intraturi
1321 217 1437 257 extra
1469 217 1592 258 aedes

104 287 297 346 progredi
329 283 547 326 debebant·
602 281 646 322 ln
677 281 893 323 meridiana
922 282 1035 324 aulae
1064 285 1179 336 parte
1206 284 1382 336 porticus
1413 288 1499 327 erat
1519 285 1596 339 (cf.

103 348 270 400 Nitzsch
300 354 351 395 ad
381 350 461 393 0d.·
488 348 569 401 Ill,
608 349 694 391 396
722 362 837 403 seqq.
826 349 887 404 .),
938 352 997 390 cui
1029 350 1265 403 adjacebant
1294 352 1518 393 dormitoria
1549 354 1598 393 de

104 425 244 480 qulbus
283 416 546 483 intellig-enda
586 418 677 456 sunt
716 418 839 458 verba
879 416 1251 471 (od.111,399).
1302 417 1367 459 ὑπ’
1411 419 1596 476 αἰθούσῃ

106 486 332 548 ἐριδούπῳ,
361 488 436 528 vix
465 485 566 527 enim
595 485 814 526 concedere
843 498 1052 538 possumus
1081 486 1313 528 Homericos
1342 488 1487 530 heroes
1515 489 1593 529 bo-

108 560 240 613 spites
271 557 345 598 sub
376 556 469 597 divo
499 556 735 607 pernoctare
764 567 907 606 passos
938 568 1043 596 esse.

244 626 330 666 Jam
368 634 469 678 quae
505 622 610 663 dicta
648 625 740 662 sunt
779 622 828 663 de
868 623 981 666 lectis
1022 624 1137 665 nobis
1175 625 1417 676 persuadent
1446 625 1595 665 illorum

105 699 320 748 temporum
365 691 543 732 homines
582 691 682 730 satis
721 692 939 742 prudenter
977 692 1105 733 lectos
1143 693 1405 744 instruxisse,
1462 694 1515 733 ita
1555 697 1598 733 ut

103 758 209 804 nullo
249 759 364 802 modo
406 758 610 810 elegantia
650 760 693 799 et
730 759 981 801 commoditas
1019 760 1056 800 in
1088 760 1137 799 iis
1168 759 1442 812 desideretur,
1491 761 1595 814 quod

106 826 260 885 quidem
291 826 527 879 locupletum
559 828 705 866 tantum
736 827 773 866 in
805 827 947 867 cubilia
972 827 1090 878 cadit,
1121 828 1261 880 quibus
1292 829 1410 868 multo
1444 830 1593 881 imper-

105 898 275 939 fectiora
314 898 426 937 erant
463 906 676 948 pauperum
719 896 761 936 et
789 907 993 937 servorum
1024 898 1250 936 stramenta.
1311 897 1451 937 Ulixes
1481 908 1594 938 men-

107 965 218 1005 dicus
256 964 358 1016 apud
390 962 597 1003 Eumaeum
628 962 825 1004 decumbit
854 964 890 1002 in
921 963 1092 1016 pellibus
1122 963 1255 1004 ovillis
1288 966 1329 1005 et
1358 965 1526 1017 caprinis
1557 966 1594 1004 in

107 1032 230 1074 solum
259 1032 473 1084 prostratis
504 1029 603 1083 [Od.
633 1029 745 1082 xlv,
785 1032 869 1073 519
898 1033 1047 1086 seqq.).
1109 1033 1245 1085 Atque
1276 1033 1390 1073 etiam
1422 1029 1603 1073 deterior

107 1111 312 1141 servorum
353 1099 649 1139 domesticorum
693 1098 866 1139 conditio
909 1099 1070 1138 videtur
1109 1100 1260 1151 fuisse,
1311 1103 1352 1140 ut
1392 1113 1414 1140 e
1454 1101 1593 1140 verbis

107 1168 292 1210 Tiresiae
322 1167 458 1219 colligi
490 1168 626 1219 potest
655 1165 731 1207 Od.
760 1165 833 1218 XI,
868 1166 947 1208 189
976 1177 1091 1221 seq-z

274 1233 361 1276 ἄλλ’
395 1232 418 1275 ὅ
446 1249 489 1288 γε
516 1238 638 1285 χεῖμα
665 1232 740 1285 μὲν
771 1233 899 1283 εὕδει,
928 1232 1000 1274 ὅθι
1028 1235 1183 1287 δμῶες,
1215 1235 1270 1275 ἐνὶ
1301 1234 1412 1288 οἴκῳ,

273 1303 315 1345 ἔν
345 1300 432 1343 κόνι
462 1299 554 1355 ἄγχι
584 1298 727 1354 πυρός,
760 1299 865 1342 κακὰ
896 1300 941 1342 δὲ
964 1302 1066 1356 χροῒ
1089 1301 1236 1355 εἵματα
1267 1298 1380 1343 εἷται·

103 1371 282 1427 Aequam
322 1369 670 1413 incommoditatem
710 1368 958 1411 sustinebant
993 1370 1138 1411 milltes
1178 1371 1369 1411 excubias
1404 1373 1590 1422 agentes,

103 1453 188 1482 nam
228 1451 454 1494 quamquam
494 1438 544 1478 ob
585 1437 776 1478 bellorum
815 1437 1105 1478 diuturnitatem
1136 1439 1222 1478 sere
1252 1438 1388 1477 iisdem
1419 1450 1591 1478 commo-

104 1508 289 1550 ditatibus
318 1507 491 1549 tentoria
522 1506 702 1547 instituta
721 1507 834 1546 erant
856 1507 974 1559 atque
998 1505 1189 1557 aedilicia,
1220 1509 1347 1547 tamen
1364 1494 1404 1546 et
1425 1507 1460 1546 in
1490 1507 1589 1546 insi-

104 1567 257 1616 diis‘et
296 1576 334 1615 in
361 1573 514 1625 vigiliis
540 1573 730 1613 faciendis
760 1572 853 1612 nihil
883 1574 957 1612 nisi
986 1585 1091 1612 arma
1122 1577 1162 1614 et
1195 1575 1428 1614 vestimenta
1458 1586 1590 1614 secum

102 1634 284 1685 ferebant
312 1643 469 1694 militcS,
501 1641 658 1695 quihus,
690 1642 871 1695 quantum
900 1643 1087 1694 poterant
1106 1642 1235 1693 frigus
1253 1642 1456 1695 arcebant,
1488 1643 1590 1684 sicut

102 1709 174 1753 Od.
202 1710 314 1763 XlV,
343 1712 429 1753 478
457 1722 568 1764 seq.:

302 1775 388 1819 ἕνθ’
421 1775 538 1818 ἄλλοι
568 1773 718 1824 πάντες
746 1775 918 1828 χλαίνας
949 1774 1042 1828 ἕχον
1071 1774 1146 1830 ἠδὲ
1168 1780 1363 1831 χιτῶνας,

301 1837 420 1886 εὗδον
450 1843 484 1885 δ’
518 1841 693 1897 εὔκηλοι,
725 1841 890 1886 σάκεσιν
918 1843 1118 1897 εἰλυμένοι
1148 1841 1300 1897 ὤμους·

100 1914 248 1954 Eadem
285 1914 526 1953 abstinentia
567 1916 653 1954 erat
690 1913 848 1953 militnm
878 1912 1081 1954 Diomedis
1110 1915 1352 1965 repentinum
1383 1913 1588 1966 TroJano-

99 1994 181 2022 rum
222 1983 402 2035 impetum
434 1981 775 2033 exspectantium,
823 1992 950 2034 neque
979 1993 1053 2021 rex
1083 1981 1169 2034 ipse
1198 1981 1302 2021 molli
1333 1983 1451 2035 atque
1481 1995 1589 2024 com-

99 2050 213 2090 modo
242 2048 574 2092 cubiliqutehatur
604 2048 649 2087 ll.
682 2047 735 2101 X,
770 2050 849 2090 154
882 2060 992 2103 seqq.

239 2116 387 2159 Restat
417 2118 459 2157 ut
487 2129 613 2170 pauca
642 2117 821 2168 adjiciam
854 2117 904 2157 de
934 2116 1096 2158 verbis:
1135 2112 1246 2169 εὐνή,
1278 2120 1427 2165 κοῖτος,
1459 2116 1589 2170 κοίτη,

99 2197 199 2239 quae
236 2185 285 2226 ad
323 2185 568 2225 cubationem
608 2187 802 2237 spectant.
880 2184 930 2224 Et
966 2183 1157 2226 latissime
1196 2185 1306 2235 patet
1344 2186 1467 2237 prima
1508 2198 1591 2225 vox

99 2250 212 2307 εὗνή,
242 2264 343 2311 quae
372 2253 422 2294 de
454 2253 647 2295 cubilibus
676 2256 716 2295 et
746 2253 939 2294 hominum
969 2252 1037 2303 (11.
1057 2251 1189 2304 XXll,
1221 2251 1342 2306 504.)
1365 2255 1405 2292 et
1434 2253 1589 2294 bestia-

97 2334 179 2362 rum
219 2320 285 2374 (ll.
315 2320 398 2372 Xl,
449 2320 568 2375 115.)
608 2322 770 2372 dicitur,
823 2323 897 2361 imo
935 2321 1130 2361 Eumaeus
1167 2319 1373 2360 Melantbii
1406 2329 1591 2373 suspensi

97 2389 356 2431 conditionem
390 2387 488 2442 (Od.
517 2388 661 2440 XXII,
709 2390 791 2431 195
827 2391 965 2443 seqq.)
1007 2385 1126 2441 εὐνήν
1165 2388 1353 2442 appellat.
1413 2387 1456 2428 ln
1497 2389 1590 2430 lecti

96 2459 290 2510 apparatu
329 2453 425 2509 εὐνή
458 2458 620 2510 proprie
651 2458 865 2497 stramenta
893 2456 1102 2509 injicienda
1133 2455 1354 2507 significat,
1399 2457 1499 2496 unde
1532 2457 1593 2497 lo·-

97 2520 243 2579 quendi
282 2525 407 2565 forma
445 2526 531 2566 orta
573 2525 659 2566 est:
709 2521 830 2578 εὐνὴν
872 2519 1088 2576 ἐμβάλλειν
1129 2521 1230 2577 (οᾱ.
1260 2522 1428 2576 XXlll,
1474 2524 1591 2580 179).

96 2591 140 2633 ln
160 2590 316 2634 nautico
346 2604 528 2634 sermone
560 2592 724 2633 verbum
756 2589 1022 2648 &ivry-dicitur
1052 2591 1102 2631 de
1131 2591 1341 2644 lapidibus,
1374 2593 1440 2645 qui
1473 2604 1585 2632 anco·

96 2657 223 2702 rarum
253 2660 341 2701 loco
368 2659 609 2713 usurpantur
638 2658 700 2711 (ll.
725 2659 757 2712 l,
787 2660 882 2702 436.
915 2659 988 2700 0d.
1012 2658 1084 2712 lx,
1119 2659 1199 2701 ¹3⁵7
1228 2659 1316 2714 aL).
1374 2659 1592 2700 Verborum

96 2731 232 2776 κοῖτος
251 2727 348 2781 (od.
367 2727 439 2783 111,
467 2728 587 2784 384.)
620 2730 663 2769 et
690 2726 805 2782 κοίτη
826 2726 920 2782 [Od.
939 2725 1054 2781 xlx,
1082 2726 1204 2783 341),
1234 2739 1334 2782 quae
1366 2740 1449 2769 cum
1466 2728 1592 2770 verbo

1288 2798 1318 2830 2
