1730 2830
95 242 293 286 convivus
315 261 317 263 v
341 238 546 283 adhibitae
591 238 687 293 (οᾱ.
736 238 837 290 XV,
899 240 1006 289 466,
1067 237 1204 284 X1X‚'
1237 237 1330 294 61.)
1380 243 1421 281 et
1463 242 1582 282 inter-

93 313 180 353 dum
218 309 441 362 expressim
479 307 658 347 narratur
702 306 751 346 ad
789 306 928 347 sedilia
966 305 1148 357 singulas
1187 317 1345 349 mensas
1375 310 1581 362 appositas

94 391 186 419 esse
218 377 315 428 (Od.
345 375 407 427 X,
456 374 592 428 354).
650 375 791 428 Neque
820 387 990 426 magnae
1021 374 1179 414 fuerunt
1210 387 1390 427 mensae,
1442 379 1583 430 quibus

92 447 153 486 usi
193 446 284 485 sunt
317 442 427 498 proci
458 444 655 483 scutorum
686 442 773 483 loco
804 453 887 482 cum
917 441 1061 482 Ulixes
1091 440 1169 482 tela
1199 442 1237 482 in
1267 453 1338 483 eos
1368 444 1582 497 conjiceret

93 513 186 565 (011.
215 509 350 562 XXii,
375 513 525 563 seqq.).
584 509 866 563 Nonnunquam
897 522 998 550 vero
1028 508 1147 561 hujus
1178 512 1470 551 consuetudinis
1502 525 1579 552 ex-

95 580 305 633 ceptiones
335 578 447 619 nobis
476 579 700 631 occurrunt,
729 579 785 619 ita
815 579 857 618 ut
888 577 964 618 duo
985 577 1077 628 viri,
1107 576 1175 617 vel
1194 576 1390 631 hospites,
1423 591 1582 633 quorum

93 650 271 691 eximiam
323 647 616 688 venerationem
664 648 703 687 in
750 646 894 688 talibus
930 647 1051 687 rebus
1088 646 1433 688 animadvertimus
1473 661 1583 688 unam

91 728 264 758 mensam
294 715 490 767 accipiant
521 713 617 764 (od.
636 713 706 765 lv,
736 715 836 764 54).
895 714 983 754 Non
1010 713 1153 754 firmam
1185 726 1233 755 ea
1262 716 1299 755 in
1329 728 1374 756 re
1396 717 1583 756 rationem

91 787 128 828 in
159 799 232 826 usu
261 785 386 824 fuisse
418 782 717 823 existimandum
748 784 812 822 est
841 794 969 836 neque
1001 782 1120 823 anxie
1147 783 1453 825 observationes
1486 796 1583 838 spe-

93 855 219 895 ctatas
247 864 352 893 esse.
409 850 603 891 Pulchrae
634 863 728 891 esse
761 850 978 890 debuerunt
1006 861 1167 891 mensae
1180 853 1266 904 Jam
1286 853 1336 891 ob
1361 864 1444 891 eam
1466 864 1580 892 caus-

93 936 189 974 sam,
221 921 322 976 quod
354 933 437 961 cum
467 920 516 959 iis
545 914 696 972 θρόνοι
726 919 764 958 et
787 917 954 969 κλισμοί
967 919 1252 970 speciosissimi
1274 921 1451 972 componi
1476 921 1583 960 sole·

91 991 208 1042 bant,
260 1000 419 1042 quorum
457 987 507 1027 ad
545 986 795 1040 splendorem
829 984 931 1025 viles
960 997 1121 1027 mensae
1152 989 1270 1040 aptae
1299 1000 1374 1027 non
1406 978 1576 1039 fuerunt,

93 1058 226 1113 Quare
255 1055 434 1095 sedilium
467 1058 507 1095 et
538 1067 754 1095 mensarum
786 1055 995 1094 communia
1027 1055 1209 1106 epitheta
1239 1058 1403 1096 extant:
1438 1054 1580 1104 ξεστός

91 1120 241 1172 καλός,
289 1119 475 1171 εἴτξεστος
514 1124 633 1175 atque
673 1121 837 1161 eundem
875 1121 913 1160 in
954 1121 1103 1161 modum
1144 1119 1259 1175 ὀλίγη
1298 1120 1479 1176 τράπεζα
1510 1135 1583 1175 pro

92 1191 330 1242 exceptione
367 1189 547 1229 habenda
584 1191 650 1230 est
688 1191 807 1242 atque
847 1189 911 1242 qui
948 1192 1159 1241 apponitur
1201 1189 1348 1244 δίφρος
1389 1187 1585 1237 ἀεικέλιος

94 1252 190 1313 (od.
208 1256 301 1310 XX,
331 1257 465 1309 259).
523 1255 567 1296 ln
590 1257 773 1298 Nestoris
803 1267 935 1296 mensa
963 1257 1176 1297 notandum
1195 1258 1259 1298 est
1276 1257 1342 1307 (11.
1363 1257 1435 1309 xi,
1464 1249 1585 1311 6292)

91 1326 217 1379 pedes
248 1327 361 1366 rusco
392 1324 526 1364 colore
557 1325 697 1376 fuisse,
727 1324 831 1364 unde
860 1324 926 1364 illa
955 1321 1184 1374 κυανόπεζα
1214 1326 1443 1366 nominatur.

231 1393 463 1447 Postquam.
488 1393 675 1433 convivia
713 1392 820 1433 finita
859 1393 950 1432 sunt
978 1391 1144 1433 ancillae
1174 1392 1343 1432 maculas
1377 1393 1587 1433 abluebant

92 1463 290 1515 spongiis,
324 1473 425 1514 quae
455 1461 549 1500 vino
573 1462 615 1500 et
634 1461 813 1500 carnibus
831 1461 960 1501 tactae
981 1462 1092 1499 erant
1111 1459 1211 1508 [021.
1235 1459 1327 1511 XX,
1363 1463 1435 1501 151
1467 1474 1581 1513 seqq.

91 1528 223 1582 ΧΧΙΙ,
243 1529 375 1581 438),
392 1540 493 1583 quae
510 1529 698 1581 purgatio
713 1528 921 1580 repetitur,
938 1524 1144 1581 antequam
1161 1529 1347 1568 cenantes
1368 1528 1415 1568 ad
1430 1541 1585 1569 mensas

91 1599 266 1637 assident
296 1609 319 1635 a
349 1596 549 1646 ministris,
582 1597 646 1648 qui
667 1596 790 1634 cibum
815 1598 854 1634 et
870 1598 1001 1648 potum
1022 1598 1261 1647 praeparant
1283 1595 1379 1648 (od.
1399 1596 1430 1646 1,
1468 1597 1585 1646 111.).

230 1662 359 1704 Multa
389 1664 431 1703 et
459 1662 639 1714 pretIosa
667 1675 770 1703 vasa
800 1665 1086 1716 extant„quae
1112 1662 1206 1703 vino
1236 1663 1413 1703 fruituris
1445 1675 1585 1704 neces-

92 1733 198 1772 saria
237 1733 361 1772 erant.
420 1731 485 1771 Ac
513 1732 675 1782 primum
708 1731 861 1784 quidem
892 1731 1246 1770 commemorandus
1279 1734 1342 1770 est
1368 1744 1452 1771 mos
1481 1732 1586 1771 anti-

92 1812 251 1854 quorum
282 1798 520 1841 Graecorum
562 1802 602 1840 et
631 1798 892 1840 Romanorum
920 1799 1002 1840 vini
1034 1811 1135 1853 aqua
1166 1798 1430 1852 temperandi,
1484 1798 1586 1852 quod

95 1867 385 1908 incontinentes
437 1867 654 1908 censebant
689 1879 832 1907 merum
871 1869 1069 1918 potantes.
1138 1866 1228 1905 Vini
1264 1867 1449 1907 miscendi
1489 1879 1588 1918 opus

93 1934 374 1975 conficiebatur
413 1935 450 1974 in
483 1935 664 1986 cratere,
703 1936 817 1987 cujus
844 1935 955 1975 vasis
986 1946 1124 1974 nomen
1153 1933 1316 1974 Romani
1347 1938 1587 1988 acceperunt

93 2014 116 2041 a
155 2000 344 2053 Graecis,
395 2003 459 2055 qui
502 2001 543 2041 et
582 2002 741 2055 κρητήρ
781 2005 823 2042 et
862 2000 1019 2055 κρατήρ
1058 2002 1203 2042 dicunt.
1264 2002 1385 2041 Verbi
1428 1997 1585 2055 κρητήρ

93 2069 210 2120 origo
233 2069 411 2110 ducenda
433 2072 497 2109 est
526 2083 548 2109 a
578 2071 703 2111 verbo
737 2070 1030 2124 κεραννῦσθαι,
1057 2083 1148 2122 non,
1179 2072 1221 2110 ut
1243 2068 1476 2109 Athenaeus
1493 2068 1583 2119 (Xl.

94 2137 191 2189 476,
223 2135 283 2190 a.)
316 2136 401 2176 vult
430 2149 453 2176 a
485 2137 612 2177 verbo
640 2135 785 2192 κέρας,
819 2137 921 2191 quod
953 2138 1064 2188 primi
1096 2138 1286 2177 mortales
1317 2138 1498 2177 cornibus
1527 2138 1585 2176 bi-

92 2204 233 2245 berint.
303 2204 392 2245 Non
432 2217 486 2245 ex
526 2205 665 2246 eadem
703 2206 866 2246 materia
906 2207 1080 2246 crateres
1122 2218 1256 2247 omnes
1297 2205 1588 2246 fabricabantur

94 2272 323 2325 plerumque
365 2273 488 2312 minus
511 2275 690 2326 pretiosa
721 2274 879 2314 metalla
907 2274 944 2312 in
977 2275 1195 2314 crateribus
1226 2286 1337 2327 quam
1368 2274 1404 2312 in
1437 2273 1590 2324 poculis

97 2339 273 2380 adhibita
305 2339 492 2380 videntur
532 2352 650 2393 esse,
698 2354 783 2383 nam
823 2341 940 2382 multo
981 2343 1119 2395 majori
1158 2341 1308 2383 metalli
1339 2342 1452 2393 copia
1484 2354 1585 2394 opus

99 2409 186 2449 erat
217 2409 255 2448 in
285 2408 562 2449 construendis
590 2411 701 2450 vasis
731 2411 926 2451 mixtariis
957 2422 1068 2463 quam
1100 2412 1137 2450 in
1169 2410 1395 2464 potatoriis,
1428 2421 1586 2462 quorum

97 2477 210 2530 plura
240 2489 293 2516 ex
321 2488 397 2516 uno
427 2478 581 2517 cratere
612 2478 895 2531 implebantur,
936 2478 1080 2519 deinde
1111 2479 1162 2518 ob
1193 2490 1275 2518 eam
1307 2491 1484 2520 caussam
1514 2479 1588 2517 mi-

97 2557 171 2585 nus
211 2544 414 2585 luxuriose
452 2546 627 2586 crateres
667 2547 880 2588 fabricatos
921 2558 1013 2586 esse
1053 2547 1260 2598 existimo,
1312 2547 1416 2601 quod
1446 2547 1494 2587 ad
1520 2547 1591 2585 mi-

99 2612 283 2654 scendum
319 2615 463 2654 tantum
506 2615 821 2656 instituebantur.
879 2616 1017 2668 ltaque
1058 2627 1140 2654 cum
1168 2614 1309 2668 pocula
1341 2626 1459 2655 aurea
1488 2615 1591 2653 inter

98 2674 356 2723 usitatissima
397 2695 494 2723 vasa
532 2684 767 2727 numeranda
808 2686 907 2736 sint,
957 2685 1147 2724 craterum
1188 2684 1322 2724 contra
1363 2695 1414 2723 ex
1446 2694 1590 2733 magno

99 2761 280 2802 numero,
330 2751 394 2804 qui
432 2751 630 2792 invenitur
668 2753 705 2791 in
734 2751 855 2793 iliade
894 2754 933 2792 et
962 2751 1148 2804 Odyssea
1188 2764 1284 2791 unus
1318 2764 1339 2790 e
1370 2763 1468 2804 puro
1498 2762 1593 2790 auro
