1730 2830
946 207 1002 225 >nl

103 213 189 256 ⁷28
221 222 326 267 seq.:
365 208 452 252 ἀλλ’
484 207 701 264 ἀνεχάζετο
734 206 908 260 τυτθόν,
940 225 1126 263 οιομενος
1154 208 1385 253 θανέεσθαι

299 273 301 276 ’
376 281 540 332 θρῆνυν
571 277 632 333 ἐφ’
663 276 910 337 ἑπταπόδην,
939 279 1028 320 λίπε
1058 277 1096 319 δ’
1128 277 1238 333 ἴκρια
1268 279 1372 333 νηὸξ
1407 281 1530 332 εΐσης.

213 384 217 387 .
242 347 393 403 Quibus
424 346 474 387 de
506 348 692 387 versibus
713 348 839 389 verba
858 348 963 388 saeta
981 350 1072 387 sunt
1092 348 1129 387 in
1150 346 1428 399 Etymologico
1447 359 1589 399 magno

104 416 177 456 sub
209 415 336 456 verbo
366 416 547 469 θρῆνυςζ
594 413 765 455 Βέλτιον
795 414 840 456 δὲ
867 417 1027 469 θρῆνυν
1056 416 1273 455 καλεῖσθαι
1301 411 1380 454 ὕπὸ
1403 411 1590 468 *Ομήρου

103 482 180 530 τὰς
208 479 420 536 καθέδρας
438 483 522 522 τῶν
544 481 691 536 ἐρετῶν
721 480 946 536 ἀναχωρῶν
974 479 1054 536 γὰρ
1084 480 1164 522 απὸ
1195 473 1278 523 τῶν
1298 483 1373 528 τῆς
1400 480 1500 530 νεὼς
1519 498 1589 522 κα-

102 549 412 605 ταστρωμάτων
452 547 514 588 ἐπὶ
545 544 703 600 ταύτην
732 547 970 604 ἀφικνεῖται.
1034 547 1152 597 Τινὲς
1183 547 1227 589 δὲ
1256 547 1327 589 τὸν
1357 547 1485 589 τόπον
1515 552 1590 602 τῆς

103 615 203 666 νεὼς
230 613 354 669 βάσιν
384 614 542 668 ἔχοντα,
571 613 632 670 ἐφ’
667 608 717 655 οὗ
745 616 817 657 τὸν
845 612 1098 671 κυβερνήτην
1127 614 1225 663 τοὺς
1254 614 1385 664 πόδας
1413 614 1588 663 τιθέναι,

101 682 124 726 ‘d
165 685 228 726 nai
270 681 441 726 ἓδώλιον
477 683 618 738 φασίν.
665 680 805 725 ’Ἀλλοι
846 683 890 724 δὲ
926 683 1002 737 τὴν
1040 679 1342 737 ὑποδεχομένην
1374 682 1444 724 τὸν
1474 681 1589 725 ἱστὸν

102 750 303 806 τράπεζαν
334 747 458 792 εἶπον·
489 749 528 790 οἱ
558 750 602 791 δὲ
632 747 873 805 διαβάθραν
902 749 983 791 ἀπὸ
1014 747 1115 798 νειὸς
1131 751 1194 791 ἐπὶ
1216 755 1309 805 νῆα.
1353 752 1480 792 Primo
1502 752 1588 793 loco

103 820 295 873 prolatam
335 810 568 860 sententiam
599 819 862 859 sustinendam
893 832 982 861 esse
1010 822 1131 872 puto,
1181 833 1265 860 nam
1295 820 1344 859 de
1375 820 1491 860 sedili
1521 832 1589 860 re-

102 889 247 941 migum
294 888 407 927 etiam
448 885 686 938 Apollonius
723 886 916 938 Sophista
962 886 1065 927 hunc
1113 889 1274 941 θρῆνυν
1311 887 1515 928 intellexit·
1548 888 1585 927 in

103 957 256 998 Lexico
288 944 509 1006 Homerico,
543 955 616 995 etsi
647 956 733 1007 ejus
764 956 895 1007 opinio
926 968 999 996 non
1027 957 1124 995 satis
1147 957 1330 1006 congruit
1350 970 1432 998 cum
1454 962 1588 996 nostra

103 1023 444 1078 interpretatione.
517 1021 562 1061 Ei
603 1024 702 1062 enim
742 1024 904 1076 θρῆνυς
944 1024 1101 1064 videtur
1139 1034 1253 1066 esse:
1305 1019 1330 1077 ἢ
1368 1021 1474 1076 μέση
1514 1025 1589 1077 τῆς

103 1091 201 1140 νεὼς
232 1088 439 1144 καθέδρα,
481 1085 506 1141 ἦ
538 1089 578 1130 ἓν
609 1093 666 1144 τῷ
698 1090 826 1144 πλοίῳ
857 1088 937 1131 ἀπὸ
970 1094 1042 1132 τοῦ
1072 1091 1210 1142 τοίχου
1242 1091 1303 1131 ἐπὶ
1334 1097 1470 1143 τοῖχον
1501 1089 1588 1132 διά-

101 1163 238 1212 βασις·
284 1158 507 1199 Verisimile
555 1160 617 1199 est
662 1157 862 1211 paullatim
911 1158 1103 1199 oblivioni
1158 1160 1284 1199 datum
1326 1172 1439 1211 esse,
1488 1161 1587 1199 unde

102 1230 265 1283 θρῆνυς
293 1240 431 1268 nomen
462 1227 686 1279 acceperit,
718 1227 806 1279 quia
834 1227 882 1266 ad
912 1228 1039 1279 pedes
1071 1227 1225 1267 tandum
1256 1232 1441 1279 spectare
1473 1228 1586 1268 vide-

102 1296 218 1336 batur
257 1297 297 1335 et
334 1295 440 1335 multi
480 1295 670 1347 putabant
709 1295 835 1333 verbo
865 1291 1092 1334 ὑποπόδιον
1120 1296 1220 1335 idem
1252 1296 1438 1335 contineri
1471 1298 1586 1349 atque

105 1363 228 1404 verbo
258 1365 431 1417 θρῆνυς.
490 1362 555 1402 Ad
584 1362 741 1414 solium,
790 1362 890 1415 quod
922 1363 1132 1404 secundum
1162 1363 1324 1404 Junonis
1355 1365 1585 1416 promissum

102 1430 300 1472 Vulcanus
340 1430 484 1472 Somno
535 1432 830 1472 constructurus
870 1433 953 1471 erat
993 1431 1165 1471 debebat
1204 1431 1416 1471 scabellum
1457 1431 1585 1490 afligi,

102 1501 204 1554 quod
245 1500 322 1539 alia
361 1500 583 1540 conditione
614 1499 713 1538 Juno
754 1499 885 1540 dicere
913 1511 985 1539 non
1016 1501 1195 1551 poterat:
1241 1496 1321 1539 ὑπὸ
1353 1499 1397 1539 δὲ
1424 1502 1587 1553 θρῆνυν

101 1566 222 1608 ποσὶν
260 1563 359 1620 ῆσει.
421 1566 464 1605 111
499 1566 643 1606 cadere
673 1578 747 1605 non
779 1567 936 1605 videtur
965 1568 1003 1605 in
1034 1566 1219 1617 thronos,
1265 1568 1404 1619 quibus
1433 1565 1586 1606 inside-

100 1635 194 1675 bant
211 1634 437 1686 Penelopes
466 1635 590 1686 proci,
622 1647 705 1674 nam
737 1634 828 1673 illos
856 1646 999 1685 magna
1027 1646 1078 1673 ex
1108 1637 1223 1686 parte
1254 1631 1437 1687 θρόνους
1466 1647 1584 1674 usur-

101 1703 266 1755 pavisse
297 1701 539 1743 demonstrat
570 1713 710 1742 versus
741 1713 861 1754 saepe
892 1702 1056 1741 iteratus
1090 1700 1187 1753 (Od.
1216 1703 1247 1753 1,
1277 1702 1370 1753 175,
1400 1701 1471 1754 111,
1500 1701 1585 1743 389

99 1771 188 1822 al.):
229 1766 355 1821 ἑξείης
385 1768 522 1819 ἕζοντο
551 1769 657 1810 κατὰ
686 1765 883 1820 κλισμούς
911 1783 954 1809 τε
984 1766 1165 1823 θρόνους
1195 1785 1248 1809 τε.

238 1837 385 1877 Horum
416 1837 599 1876 soliorum
631 1836 806 1878 scabella
834 1836 1031 1888 applicata
1060 1849 1135 1875 non
1167 1839 1301 1887 erant,
1343 1837 1397 1875 ita
1425 1839 1468 1874 ut
1498 1834 1584 1875 An-

99 1907 253 1946 tionous
305 1906 465 1957 θρῆνυν
512 1905 672 1944 vibrare
709 1906 850 1956 posset
891 1904 928 1943 in
968 1905 1139 1944 Laertae
1176 1904 1292 1944 filium
1334 1902 1410 1943 011.
1450 1901 1582 1942 XVlll

98 1974 204 2014 462:
222 1969 307 2019 “Ως
336 1968 397 2024 ἄρ’
434 1968 525 2024 ἔφη,
556 1971 623 2010 καὶ
652 1973 816 2023 θρῖνυν
848 1967 950 2010 ἑλὼν
979 1968 1081 2021 βάλε
1112 1970 1241 2017 δεξιὸν
1271 1963 1407 2022 ὦμον,

238 2039 325 2090 Hic,
358 2039 458 2091 quod
482 2040 629 2090 Jacitnr
659 2038 887 2090 scabellum,
908 2039 1077 2093 ,θρῆνυς
1107 2039 1336 2090 nominatur,
1367 2037 1455 2078 aliis
1486 2037 1583 2079 locis

97 2107 266 2158 legimus
287 2118 432 2157 procos
452 2109 676 2160 conjecisse
694 2108 731 2146 in
751 2107 1007 2147 adversarios
1030 2104 1178 2160 σφέλα,
1209 2119 1309 2160 quae
1331 2107 1484 2159 quidem
1507 2118 1580 2158 pro

104 2173 290 2214 scabellis
331 2186 488 2227 quoque
520 2175 703 2215 habenda
734 2177 837 2214 sunt.
899 2173 1102 2213 invenitur
1131 2174 1291 2214 verbum
1324 2172 1478 2227 σφέλας
1507 2172 1582 2213 Od.

102 2240 249 2293 XV11,-
265 2242 345 2283 231
380 2255 465 2296 seq.
492 2242 568 2283 Od.
585 2242 730 2294 XVIII,
756 2242 848 2283 394.
908 2240 1136 2282 Eustatbius
1157 2241 1219 2281 ad.
1238 2241 1312 2282 Od.
1334 2240 1466 2292 lel,
1498 2241 1583 2281 462

42 2346 58 2357 ,
100 2310 292 2361 originem
313 2310 427 2349 verbi
454 2308 610 2364 σφέλας
631 2310 846 2350 ducendam
868 2321 960 2349 esse
979 2309 1152 2362 prodidit
1175 2322 1196 2348 a
1219 2309 1342 2349 verbo
1364 2307 1580 2361 σφάλλεινε

100 2374 168 2417 διὰ
198 2377 245 2417 τὸ
277 2373 378 2434 ῥᾷον
411 2373 690 2431 σφάλλεσθαι,
721 2374 846 2430 ἤγουν
877 2374 1183 2429 ἀνατρέπεσθαι
1214 2374 1281 2415 διὰ
1312 2372 1582 2427 σμικρότητα,

97 2441 123 2497 ἢ
154 2442 220 2484 καὶ
259 2443 325 2483 διὰ
356 2442 402 2483 τὸ
444 2440 654 2484 δυ’νασθαι
694 2445 866 2498 σφῇλαι·
923 2443 975 2483 Et
1011 2443 1218 2496 probanda
1244 2445 1307 2482 est
1337 2441 1583 2494 etymologia

97 2510 263 2551 verbum
304 2509 458 2565 σφέλας
498 2524 520 2551 a
559 2512 687 2551 verbo
729 2506 924 2564 σφάλλειν
953 2511 1148 2561 derivari,
1191 2511 1260 2551 sed
1292 2522 1426 2562 parum
1451 2512 1581 2550 rectas

97 2579 444 2631 interpretationes
475 2579 627 2619 addidit
656 2578 911 2629 Eustathius,
943 2580 985 2618 ut
1012 2579 1205 2629 originem
1235 2580 1397 2618 nominis
1426 2576 1582 2631 σφέλας

98 2645 332 2700 explicaret.
401 2646 497 2686 Nam
546 2657 673 2701 neque
729 2645 852 2694 altera
892 2646 1021 2699 opinio
1065 2646 1189 2687 verbo
1229 2643 1581 2700 σφέλας-1011101111

97 2715 392 2755 instabilitatem
433 2717 576 2755 scamni
616 2714 812 2755 laudanda
851 2715 1030 2766 videtur,
1078 2727 1204 2767 noque
1234 2714 1358 2754 altera
1388 2714 1582 2754 sententia
